2838 4902
234 313 289 376 ne
305 314 611 385 semitonios
624 315 840 380 aurinis
859 311 1003 380 carra,
1083 303 1164 382 :³95

81 469 243 534 ἐνέσεισαν
268 458 328 549 ἤδη
356 467 411 530 καί
442 463 522 550 πρός
540 463 646 552 μόχην
671 463 900 548 ἐξαρτύεσθαι,
925 467 956 532 εί
978 461 1021 548 μη
1041 461 1166 546 ταχύό

80 563 273 646 Ἀνδρόνικος
301 563 537 645 ἐπεραιιόσατο·
586 567 619 630 ot'
636 589 670 648 γε
686 566 754 632 Ιναί
778 567 838 648 τού
864 561 908 641 τός
936 564 1053 648 ἐρρέθη
1075 561 1166 646 ἱεροῦ

81 665 213 746 πολέμου
234 660 487 749 συνεφάψασθαι
501 661 570 728 τότε
590 661 860 750 προσελήφθησαν
879 667 947 746 μέν,
970 657 1109 746 ἤργησαν
1131 664 1167 736 (λέ

83 761 132 828 διό
151 760 185 828 τό
217 760 301 846 ταχύ
321 764 438 828 ἐκεῖνον
471 767 620 848 λυθῆναι.
653 765 803 840 ἐνειλεῖτο
823 766 882 844 μὲν
903 757 960 828 ούν
979 768 1043 835 τοῖς
1064 767 1167 828 Λατί-

60 881 154 938 ενοις·
177 857 258 949 αύτη
290 865 431 938 αίτίασις
463 862 500 926 ού
536 861 675 947 ψευδής,
715 865 783 928 ov'd'
816 858 904 946 ,εἶχον
941 858 1168 944 είπεῖν,·ούτε

80 961 140 1047 μὴν
174 961 278 1046 ἔχοιεν
314 956 376 1043 όν,
405 959 448 1038 οἷς
487 957 567 1046 ἦσαν
607 957 789 1045 ἄμεμπτοι·
849 963 979 1048 ἔμελλον
1019 967 1055 1030 δὲ
1084 962 1169 1046 οἴμοι

81 1066 161 1152 κακῷ
181 1061 308 1150 μεγάλῳ
340 1063 421 1146 μέγα
442 1066 537 1144 κακόν
564 1067 796 1149 ἐκθεραπεύσαι
824 1063 854 1130 οἱ
874 1063 1100 1154 Παφλαγόνες,
1122 1057 1170 1141 οἶς

82 1164 248 1246 ιίλογίστως
270 1160 501 1246 ἐθρασύναντο.
524 1167 716 1244 εἰσελθόντες
737 1163 797 1248 γόρ
819 1165 874 1250 την
897 1160 1171 1248 μεγαλόπολινκαί

81 1263 302 1345 πλαγιάσαντες
323 1264 377 1327 ἐπί
395 1260 637 1340 τσύςΛατίνοος
661 1266 758 1349 (εἰκὸς
774 1268 810 1332 di
832 1261 957 1340 πάντας
978 1267 1033 1329 καί
1053 1257 1171 1337 ἄλλους

48 1365 142 1434 loreis
169 1365 303 1426 τοιαῦτα
333 1363 578 1448 νεωτερίζεσθαι
604 1363 779 1450 φιλούντων
807 1363 1019 1446 συναίρεσθαι
1047 1356 1170 1445 αύτοίς)

81 1459 269 1546 ἐπέρχονται
298 1470 363 1538 τοῖς
392 1467 545 1540 Λατίνοις
573 1463 630 1528 ούκ
649 1461 687 1528 dr
702 1467 883 1550 ἐλπιζονσι,
902 1467 958 1530 καί
977 1466 1171 1550 διατιθέντων

82 1561 117 1625 τό
145 1550 359 1642 ἐλεεινότατα,
382 1560 437 1626 καί
465 1564 634 1646 σπέρματα
657 1568 760 1631 ἐκεῖνα
782 1567 1096 1650 προναταβιίλλονται
1113 1562 1172 1647 εἶφ’

84 1653 125 1726 οἷν
142 1657 236 1746 ἡμεῖς
266 1661 322 1726 καί
351 1665 462 1726 πολλοί
480 1664 579 1746 ἐτεροι
607 1661 666 1728 σύν
694 1664 771 1747 ἡμῖν
792 1667 996 1745 τεθερίκαμεν
1011 1665 1173 1744 λειμῶνος

83 1758 301 1847 Περσεφόνης,
322 1757 405 1826 ούτω
429 1760 539 1846 φόναι,
561 1762 745 1848 δράγματω
796 1766 918 1834 ἐκεῖθεν
937 1761 997 1848 γὰρ
1017 1761 1092 1847 ἡμῖν
1112 1785 1173 1825 uo-

49 1859 529 1946 15θηίιειτόιπαρόνταιιαιιό.Ι
605 1927 608 1936 Δ
697 1884 698 1887 ’
881 1925 885 1933 ,

165 1965 239 2028 Καί
258 1963 454 2046 α’φηγεῖσθαι
476 1965 535 2044 μὲν
554 1960 594 2028 τό
618 1963 687 2028 τότε
707 1963 805 2048 deteri,
829 1957 889 2029 όσα
913 1957 998 2028 εἶδον
1019 1959 1049 2028 oi
1068 1968 1175 2030 Λατί-

84 2083 141 2138 νοι,
162 2061 199 2126 τό
222 2063 285 2145 πῦρ
310 2059 329 2125 ό
348 2061 388 2128 τό
409 2070 478 2128 κατ’
500 2062 617 2138 αύτούς
639 2066 822 2148 ἐπενείματο
838 2066 914 2147 δίχα
926 2087 960 2148 γε
979 2065 1045 2128 sair
1065 2065 1176 2148 α’φοιρ-

84 2151 259 2243 πσγίντων,
292 2159 369 2236 τούς
401 2162 482 2226 κατὰ
516 2163 680 2228 θάλατταν
708 2161 912 2249 ἐμπρησμούς
940 2166 976 2230 ἐκ
992 2163 1064 2228 ’τού
1083 2161 1174 2246 παρὰ

80 2255 247 2342 Ῥωμαίοις
266 2261 476 2344 ω’μβρημένον
498 2263 599 2348 πυρός
620 2271 685 2339 τοῖς
704 2266 759 2328 ἐπί
782 2264 898 2330 πλοίων
921 2265 1050 2349 φεύγειν
1072 2260 1175 2346 όρμή-

48 2370 173 2445 λλοασι,
203 2359 243 2426 τὰ
265 2365 335 2426 κατ’
363 2359 544 2445 αἰγιαλούς,
577 2362 617 2428 τό
642 2367 716 2447 περί
736 2361 791 2438 τὰς
812 2363 999 2449 οἷμφόύονς,
1022 2358 1114 2446 ἐργον
1135 2353 1176 2428 iis

83 2457 129 2543 ἐἴη
150 2458 233 2523 πολύ
241 2509 251 2542 ,
284 2457 339 2526 καί
360 2457 403 2537 τίς
423 2463 462 2526 σύ
480 2462 577 2544 μόνον
603 2467 665 2530 reio
695 2465 894 2528 α’νθσπλιτῶν
914 2462 1064 2529 Λατίνων
1082 2485 1174 2526 κατε.
1223 2525 1226 2532 ,

85 2561 217 2644 φέροντο
235 2556 271 2652 ¹oi
291 2559 348 2628 τού
367 2561 580 2648 Ἀνδρονίκου,
594 2564 673 2626 α’λλοὶ
689 2564 745 2626 καί
765 2557 851 2638 όσοις
863 2569 1070 2646 περιεποιεῖτο
1088 2557 1177 2626 ἐλεον

84 2654 115 2721 τό
137 2655 324 2741 ἀπάλαμνον
336 2651 350 2704 ·’
397 2663 453 2726 καί
470 2669 615 2746 γυναῖκες
636 2660 697 2747 γὰρ
715 2665 820 2727 αύτῶν
845 2664 1048 2748 ἐρριπτούντο
1069 2663 1177 2748 ξίφεσι

84 2755 135 2823 καί
152 2761 269 2846 βρέφη.
311 2760 366 2828 καί
394 2765 490 2829 τούτο
512 2765 571 2846 μὲν
593 2764 711 2848 δεινόν,
733 2756 794 2845 ούχ
824 2755 906 2828 ούτω
927 2761 963 2826 δέ
985 2755 1028 2838 ὥς
1049 2755 1102 2852 iias
1122 2762 1178 2824 καί

85 2967 134 3020 irim
158 2987 188 3024 se
209 2971 395 3039 'accingerene
415 2973 469 3025 nisi
487 2973 628 3027 confestim
647 2963 817 3026 Andronicus
841 2971 1003 3024 traiecisset.
1034 2969 1127 3033 iidem,
1145 2975 1177 3023 ui

85 3038 157 3094 bello
169 3059 255 3106 sacro,
267 3041 300 3094 de
312 3061 365 3116 quo
378 3044 503 3108 diximus,
521 3047 691 3107 interessent,
703 3045 810 3096 invitati
830 3043 947 3108 fuerant,
966 3041 1013 3096 sed
1033 3040 1176 3110 prohibiti,

86 3113 213 3180 quoniam
233 3115 347 3166 celerem
364 3115 393 3168 id
411 3115 514 3168 bellum
534 3117 614 3168 finem
634 3115 739 3168 babuit.
776 3114 990 3184 exprobrabatur
1010 3114 1094 3181 igitur
1105 3110 1176 3167 itlud
1205 3172 1211 3188 ρ

85 3198 139 3233 non
159 3183 259 3236 falsum
276 3187 375 3238 crimen
386 3187 497 3250 Latinis,
515 3205 566 3238 neo
577 3194 706 3259 poterant
725 3187 763 3250 hi,
777 3203 828 3238 nec
844 3202 908 3238 vero
929 3183 1020 3247 bodie,
1040 3182 1177 3245 affirmare,

85 3253 207 3307 insontes
229 3273 257 3307 se
279 3275 344 3308 esse.
382 3258 448 3321 sed,
469 3260 555 3322 eheu,
583 3259 700 3310 curaturi
723 3265 800 3310 erant
825 3257 897 3307 malo
928 3271 1024 3323 magno
1049 3269 1176 3320 magnum

86 3326 184 3378 malum
196 3326 388 3396 Paphlagones‚
399 3329 532 3399 siquidem
544 3338 642 3394 temere
655 3330 774 3380 animum
793 3327 981 3398 expleverunt.
993 3341 1111 3392 namque
1129 3341 1176 3374 ur·

88 3393 147 3448 bern
168 3398 282 3466 ingressi
301 3408 330 3450 et
346 3399 380 3450 ad
392 3401 504 3454 Latinos
521 3402 641 3454 conversi
661 3400 883 3470 (consentaneum
898 3406 989 3449 autem
1001 3395 1110 3447 omnino
1127 3403 1177 3457 est,

88 3469 166 3518 etiam
189 3468 258 3538 alios
285 3487 370 3532 rerum
399 3465 527 3524 novarum
555 3471 668 3542 cupidos
695 3471 851 3522 adiunxisse
869 3469 999 3538 saillis),
1017 3465 1178 3521 adoriuntur

88 3553 144 3590 eam
164 3547 273 3606 gentem
291 3541 401 3592 minime
418 3545 467 3593 ista
487 3560 532 3593 οτι
554 3552 696 3605 sectantem,
715 3552 743 3594 et
754 3541 870 3611 pessime
884 3547 1007 3603 tractant,
1028 3545 1056 3590 et
1074 3537 1178 3588 semina

88 3607 134 3659 illa
155 3618 259 3674 serunt,
278 3611 351 3665 unde
373 3629 421 3664 nos
441 3622 470 3665 et
489 3560 567 3666 inuiti
585 3613 725 3666 nobiscum
755 3613 802 3664 aiii
819 3611 956 3680 mergites,
977 3618 1009 3662 nt
1025 3610 1064 3662 ita
1081 3608 1178 3671 dicam,

89 3681 162 3801 dmi!
176 3683 351 3752 Proserpinae
367 3686 535 3738 messuimus.
572 3683 637 3737 inde
656 3688 729 3736 enim
748 3684 903 3756 praesentia
922 3681 957 3733 ad
974 3699 1024 3734 nos
1044 3680 1116 3732 mala
1134 3695 1179 3731 re·

108 3768 143 3801 un
164 3759 254 3803 arunt.
813 3801 817 3808 .

155 3821 287 3874 Enarrare
312 3831 403 3876 sutem
430 3832 540 3878 cunctas
560 3825 692 3889 miserias,
711 3841 778 3895 quas
796 3825 887 3877 Latini
905 3831 962 3876 tum
982 3822 1087 3891 experti
1105 3826 1178 3884 sunt,

88 3889 189 3960 ignem,
210 3909 263 3963 quo
281 3893 465 3950 horraeorum
494 3895 655 3948 delebantur
672 3905 778 3966 praeter
801 3913 849 3960 ea,
868 3911 939 3964 quas
958 3893 1074 3963 praedae
1093 3899 1179 3954 erant,

89 3962 214 4015 incendia
243 3967 391 4031 maritima,
414 3967 512 4036 quibus
540 3969 651 4019 Romani
680 3969 803 4018 coniecto
824 3966 887 4032 igne
912 3965 1113 4018 insectabantur
1134 3964 1180 4014 su-

90 4035 195 4099 gientes
213 4035 242 4088 in
261 4032 388 4106 navigiis,
414 4038 521 4110 reliqna
538 4039 626 4103 maia,
661 4055 730 4110 quae
748 4038 792 4090 vel
822 4039 852 4090 in
871 4037 950 4091 litore
970 4037 1014 4088 rel
1031 4037 1059 4088 in
1080 4033 1179 4104 plateis

90 4103 209 4170 fiebant,
228 4106 338 4176 longum
356 4115 408 4160 est.
441 4127 491 4162 nec
518 4119 633 4175 armatos
651 4111 738 4162 solum
759 4107 870 4160 Latinos
897 4107 1015 4160 asseclae
1033 4105 1180 4160 Andronici

90 4173 263 4245 invadebant,
281 4177 429 4234 sedetiam
450 4197 507 4247 eos,
525 4199 639 4254 quorum
658 4181 753 4251 inopia
764 4178 887 4236 rideatur
905 4177 1114 4234 misericordiam
1133 4192 1179 4228 ex-

1184 4354 1196 4381 ἱ
