2814 4898
395 339 765 411 canonocutemt.
1046 343 1120 413 317

49 521 126 584 φσνα
153 497 207 580 τῆς
236 493 361 580 εἰρήνης
388 493 443 559 ναί
473 493 515 559 τά
537 493 655 580 γαμικὰ
679 494 877 579 άλλάγματο,
899 495 992 583 σ’γιλόη
1009 497 1046 562 di
1064 499 1122 562 rosi

48 597 218 680 Ὀκτωβρίοο
245 598 377 678 ἐξῆλθεν
405 589 422 656 ὅ
449 596 648 680 πατριάρχης
669 593 830 680 Στέφανος
861 589 929 680 άμο
958 598 1121 682 Θεοφάνει

48 696 308 782 πρωτοβεστιαρίῳ
343 691 399 757 καί
420 695 536 781 Μαρία
564 696 605 778 τῇ
633 696 693 758 τοῦ
711 697 868 774 βασιλέως
889 694 1120 780 Χριστοφάροο

48 792 170 880 θυγατρί
189 797 245 858 arai
272 793 356 880 πάσῃ
376 795 415 880 τῇ
438 793 602 882 συγκλήτῳ
630 793 676 867 εἷς
697 793 751 858 τὸν
777 789 854 858 ναὸν
874 795 930 878 τῆς
949 793 1121 876 άπεραγίας

30 894 183 957 οθεοτόκοο
204 895 260 976 τῆς
282 893 405 976 Πηγής,
424 895 479 956 καί
497 889 664 976 εὐλόγησεν
685 895 811 975 Πέτρον
836 915 873 958 τε
894 895 951 957 καί
971 896 1119 978 Μαρίαν.

47 992 177 1074 λαμπράς
198 993 234 1056 δὲ
254 996 310 1080 arui
339 993 529 1066 πολυτελοῦς
548 995 714 1074 γενομένης
734 994 898 1077 τραπέζης,
919 991 975 1057 κατ’
993 991 1120 1056 πάντων

46 1091 97 1151 τοῖν
118 1091 305 1172 εἰθισμένων
335 1097 401 1163 τοϊς
419 1089 533 1172 γάμοις
561 1092 708 1175 φαιδροῖς
728 1093 996 1173 ἐπιτελεσθέντων,
1017 1091 1121 1174 εἰσήλ-

45 1192 91 1252 θεν
109 1185 272 1274 Θεοφάνης
300 1191 585 1273 πρωτσβεστιάριος
617 1183 685 1271 άμα
705 1193 823 1278 Μαρίρι
847 1193 887 1276 τῇ
906 1189 1044 1273 θυγατρί
1062 1192 1120 1254 τοῦ

45 1290 180 1368 βασιλέως
199 1289 236 1352 ἐν
256 1289 295 1375 τῇ
317 1287 417 1354 πόλει.
458 1290 499 1374 τῇ
520 1289 556 1351 δὲ
577 1290 668 1376 τρίτη
688 1291 746 1354 emi
764 1284 867 1371 γάμον
886 1289 990 1376 ήμέρηι
1010 1291 1116 1373 ε’ποίη-

17 1383 119 1456 λλσενά
150 1386 302 1470 βασιλεὺς
319 1387 479 1467 Ῥωμανὸς
501 1387 641 1470 εὐωχίαν
670 1386 820 1472 λαμπράν
842 1391 877 1454 ἐν
898 1389 936 1477 τῇ
956 1389 1018 1454 τάν
1039 1394 1147 1475 tte-n

42 1491 94 1568 γάν
107 1483 292 1575 ’άπορλάθρηιΙ
315 1489 379 1552 ταῖν
399 1490 436 1552 δὲ
456 1486 650 1570 Βονλγάρων
670 1484 816 1554 ἔνστασιν
837 1487 875 1552 οὗ
889 1485 1008 1572 μικράν
1026 1513 1116 1574 ποιη-

42 1591 168 1668 σαμένων
186 1586 340 1670 πρότερον
359 1583 821 1672 εὖφημεῖσθαιΧριστοφόρον,
840 1581 905 1654 εἶθ’
924 1582 1007 1654 οὕτω
1025 1591 1120 1654 Κων-

42 1693 198 1769 σταντῖνον,
222 1681 349 1763 άπειξεν
369 1688 408 1772 τῇ
430 1683 575 1751 ἐνστάσει
598 1680 615 1748 ά
637 1685 806 1769 βασιλεύς,
823 1687 878 1753 καί
895 1691 1019 1772 γέγονεν
1040 1683 1118 1772 άπερ

42 1785 186 1869 ᾐτήσαντο.
237 1783 347 1868 ἐπειδή
375 1786 411 1850 δὲ
430 1780 535 1850 πάντα
561 1787 595 1852 ἐν
614 1794 680 1862 τοῖς
704 1786 823 1869 ’γάμοις
839 1791 1118 1872 συνετελέσθησαν,

16 1887 87 1953 texui
113 1884 221 1966 ἔμελλε
244 1887 364 1966 Μαρία
388 1883 447 1969 τήν
478 1883 556 1966 πρὸς
577 1887 784 1970 Βοολγαρίαν
816 1884 893 1951 οἰλόν
927 1881 1066 1967 dionisam
1087 1883 1119 1951 oi

42 1981 138 2068 ταύτης
165 1993 268 2068 γονεῖς
286 1989 384 2072 μέχρι
406 1988 466 2054 τοῦ
482 1982 633 2068 Ἑθδόμον
658 1987 850 2070 συνεξῆλθον
870 1984 964 2073 ον’τῇ,
987 2007 1120 2070 περιχο.

42 2085 146 2149 θέντων
173 2089 213 2174 τῇ
237 2089 390 2174 θυγατρί,
411 2091 466 2151 καί
484 2081 583 2150 πολλά
608 2084 761 2167 κατέχεον
780 2083 819 2151 τά
841 2084 978 2168 δάκρυα,
998 2089 1052 2150 ναὶ
1074 2085 1119 2160 οὖς

5 2227 6 2236 ι
42 2179 109 2256 εἰνὰς
126 2183 177 2250 ἐπὶ
195 2184 345 2269 στερήσει
363 2185 547 2269 σπλάγχνον
575 2187 807 2268 σεποθημὲνοο.
845 2184 901 2249 τάν
919 2207 955 2249 τε
973 2184 1119 2270 γαμβρὸν

42 2279 247 2364 ἀσπασάμενοι
274 2287 331 2350 καί
357 2284 473 2371 ταύτην
500 2291 572 2359 ταῖς
605 2280 718 2349 τούτου
745 2280 841 2366 χερσί
858 2287 1061 2370 περιθέμενοι
1080 2285 1117 2349 ἐν

14 2387 93 2454 λιτοῖς
110 2385 282 2462 βασιλείοις
303 2383 518 2468 ὑπέστρεψαν.
561 2385 679 2466 Μαρία
700 2385 736 2446 δὲ
757 2387 988 2468 Βοολγαριναίς
1007 2405 1115 2468 παρα-

41 2478 153 2545 ιλοθεῖσα
171 2485 287 2565 χερσίν
307 2480 364 2567 τήν
384 2485 438 2549 ἐπί
456 2484 660 2568 Βοολγαρίαν
681 2476 785 2569 άπήει.

111 2576 188 2646 Τότε
212 2581 250 2646 tt
270 2584 418 2666 πρέσβεις
443 2580 524 2667 πρὸς
543 2584 596 2648 τὸν
621 2585 755 2664 βασιλέα
771 2578 935 2662 Ῥωμανόν
958 2585 993 2648 ἔτι
1010 2585 1216 2664 Meis-we

40 2679 111 2763 τινῆς
130 2683 337 2768 παρεγένοντο
355 2681 516 2768 εἰρηνικάς
543 2678 683 2756 σπονδάς
703 2683 844 2767 ποιήσαι.
885 2686 955 2765 μετ’
973 2681 1013 2748 oti
1034 2679 1115 2750 πολὺ

41 2950 178 3004 progressus
212 2940 365 3011 patriarcha
384 2941 538 3013 Stephanus
566 2959 620 2994 una
642 2957 702 2993 cum
722 2939 892 3013 Theophane
909 2942 1116 3012 protoveattauo

42 3013 63 3056 et
78 3007 157 3060 Maria
175 3011 365 3082 christophori
378 3014 547 3084 imperatoria
565 3013 622 3064 filia
643 3019 672 3064 et
687 3014 812 3065 universo
832 3021 928 3066 senatu
946 3012 982 3065 ad
1001 3015 1116 3066 sanctia-

41 3077 107 3129 ainae
123 3079 250 3152 deiparae
271 3084 403 3154 tempium
429 3083 463 3136 ad
480 3085 579 3152 Pegas‚
600 3086 706 3136 Petrum
736 3092 763 3136 st
781 3085 893 3136 Mariam
911 3085 1046 3153 coniugati
1065 3085 1118 3136 be·

40 3147 179 3204 αειλίσιίοσε
195 3154 328 3221 sociavit3
349 3171 497 3225 mensaque
512 3161 669 3224 sumptuosa
687 3161 715 3206 et
733 3155 995 3220 magnificentissima
1013 3156 1117 3206 instru-

40 3223 257 3294 damnatisque
279 3225 313 3275 ad
332 3228 487 3296 nuptiarum
505 3225 636 3278 solemnia
650 3225 835 3296 spectantibus
848 3228 898 3278 rite
917 3224 1117 3294 splendideque

40 3293 150 3357 peractis,
168 3294 354 3364 Theophanes
372 3297 598 3367 protovestiarius
617 3312 671 3347 unu
690 3312 750 3348 cum
769 3297 855 3347 Maria
873 3296 1042 3366 imperatorie
1060 3295 1118 3348 filia

41 3358 64 3407 in
79 3363 167 3416 urbem
184 3383 309 3418 reversus
336 3376 387 3420 est.
424 3367 578 3420 dicantem
603 3367 713 3438 nuptias
732 3375 863 3437 sequente
880 3368 962 3418 tertio
982 3367 1117 3444 itomanua

40 3428 168 3498 imperator
185 3437 217 3489 in
237 3436 360 3489 machina
379 3438 434 3491 siva
453 3437 578 3490 tabulato
598 3435 632 3488 ad
644 3439 722 3506 Pegas
739 3435 909 3503 magnificum
926 3438 1032 3507 paravit
1049 3453 1117 3488 oon-

40 3500 131 3554 vivium.
166 3523 225 3558 non
244 3509 353 3560 minima
374 3526 455 3580 porro
478 3510 654 3562 contentione
677 3526 692 3558 a
712 3506 832 3575 Bulgaria
852 3508 976 3570 excitata,
995 3514 1025 3560 ut
1043 3507 1117 3576 prius

40 3568 252 3646 Christophorua‚
277 3577 375 3632 deinde
394 3579 587 3633 Constantinus
618 3578 841 3630 acclamationem
862 3578 989 3648 precibus
1007 3578 1118 3645 excipe·

40 3650 109 3707 retur,
129 3650 201 3700 votis
229 3665 322 3702 eorum
348 3652 512 3721 imperatore
532 3649 676 3711 obsecuta,
703 3646 778 3718 quod
803 3649 933 3718 patebant
960 3650 1118 3718 praestitum

40 3721 80 3763 eat.
113 3719 268 3788 nuptiarum
285 3729 374 3772 autem
389 3722 548 3774 celebritate
562 3729 681 3791 peracta,
700 3719 838 3789 Mariaque
856 3720 885 3771 in
899 3719 1047 3787 Buigariam
1067 3721 1118 3771 iter

40 3797 165 3852 capescere
185 3791 240 3840 iarn
258 3792 310 3842 iam
325 3800 438 3862 parata,
458 3791 630 3845 Hebdomum
650 3806 736 3860 usque
757 3798 882 3858 parentes
904 3805 962 3842 eam
978 3790 1118 3859 prosecuti

40 3863 105 3920 sunt3
122 3857 160 3910 ibi
186 3877 247 3912 eam
269 3863 441 3928 circumfusi,
468 3872 497 3914 ct
512 3863 586 3930 largo
611 3862 780 3913 lacrimarum
798 3860 929 3931 impluvio
947 3859 1068 3924 madidi,
1087 3870 1118 3916 nt
1162 3904 1165 3920 ,

41 3920 186 3980 dilectorum
215 3932 432 4000 praecordiorum
459 3951 509 3985 usu
530 3935 604 3986 orbis
631 3933 787 3998 contingere
810 3933 897 3992 solet,
923 3931 1118 3998 tristabantur3

41 3994 191 4070 tandemque
205 4018 348 4070 generum,
371 4005 429 4055 filia
447 4005 505 4056 cius
523 4004 652 4074 potestati
671 4001 780 4065 tradite,
798 3999 948 4054 deosculati
966 4003 996 4053 in
1019 4004 1119 4071 regiam

41 4070 127 4182 pressi
144 4079 216 4124 aunt·
235 4075 273 4126 sic
281 4075 366 4136 Maria
384 4076 559 4144 Bulgarorum
577 4073 703 4126 munibus
720 4072 819 4125 tradita
836 4074 866 4126 in
883 4073 1034 4141 Balgatiam
1054 4092 1119 4145 pro·

50 4143 101 4191 ecta
121 4149 169 4192 est.
1136 4152 1142 4162 '

64 4205 69 4218 ’
100 4209 138 4262 Εο
156 4220 277 4284 tempore
303 4213 387 4284 legati
412 4215 486 4286 pacis
506 4213 616 4270 foedera
645 4211 820 4285 componituri
839 4227 854 4266 a
871 4211 995 4268 Melitina
1013 4213 1047 4268 ad
1065 4215 1118 4266 ina-
