2838 4902
219 340 274 400 uu
293 333 597 428 uusssauuurca
615 336 644 400 s
663 334 823 400 nurture
841 333 987 400 curus.
1074 319 1146 398 [ιιι

41 490 173 570 φῦραι,
194 486 417 570 κατεμπρὴσας
435 485 470 550 τό
493 487 565 564 πάν,
586 485 793 571 α’ντιφόρησις
814 487 850 550 δέ
872 483 1030 569 ἐρυθροῦ,
1050 484 1149 548 aust·

38 588 172 670 τομένη
204 581 288 651 ὅσων
321 585 471 672 κεφαλῶν
495 589 773 670 καταψηφιεῖσθαι
793 588 901 666 μέλλει
920 587 1052 662 αίματα.
1093 586 1151 646 καί

37 684 255 770 σνγκάθηται
273 685 307 750 τὸ
327 688 475 750 ἐντεῦθεν
493 688 536 773 τῷ
558 689 688 767 βασιλεῖ
705 685 848 773 Ἀλεξίρ,
874 686 931 749 καί
945 679 1147 769 προκάθηται

39 784 252 868 (ὑπερέκειτο
271 785 334 869 γάρ
357 782 508 870 αάθωρόν
529 773 650 850 ἑκείνόο
669 781 706 848 τό
727 783 790 848 α’πό
814 767 945 867 τοῦδέ),
967 786 1023 848 καί
1041 803 1147 848 σοντι.

10 885 90 970 5μᾷ
117 882 178 960 σάς
214 884 311 962 αὐτὸς
332 887 495 970 ἐπέκρινα,
529 887 586 949 καί
605 882 818 969 προβάλλεται
839 881 960 968 άρχάς,
987 883 1149 960 ἔξαάιῶν

35 987 216 1066 βαλβίδων
234 985 268 1050 τό
287 987 340 1070 τῆς
362 988 430 1050 κατ’
451 983 551 1050 αάτόν
577 983 741 1064 βασιλείας
762 979 850 1068 ἅρμα
871 980 1011 1068 πρόσθεν
1029 980 1146 1064 βαλάν.

36 1087 104 1150 καί
122 1084 161 1148 τό
186 1087 267 1170 μέγα
287 1083 385 1151 κακόν
408 1089 453 1174 τῷ
471 1089 575 1172 μικρῷ
598 1088 684 1172 καλιῇ
703 1091 918 1168 σογκίρναται.

134 1182 270 1268 Βραχός
292 1185 307 1249 ό
333 1188 367 1250 έν
387 1189 473 1276 μέσῳ
493 1187 621 1271 χρόνος,
641 1187 694 1250 καί
719 1187 928 1268 περιγίνεται·
969 1185 1024 1248 καί
1044 1179 1088 1258 ὥς
1107 1175 1147 1246 δν

34 1282 86 1367 μή
112 1283 239 1368 θρήνου
260 1285 399 1368 μτγάλσν
422 1283 557 1370 ἔξαρχος
571 1288 782 1368 καθισταίμην
795 1289 858 1360 τοῖς
874 1288 1067 1370 φιλαλεξιόις
1088 1278 1206 1352 εἴτίιιο

10 1377 102 1454 onais
140 1387 411 1470 φιλοβασιλιῦσι,
431 1388 629 1466 λεπτοτομαῖν
658 1393 795 1466 παχεῖαν
816 1381 1090 1468 σκυθρωπότητα,
1111 1384 1146 1446 ἐκ

34 1486 157 1548 ποδοόν
177 1483 293 1567 α’σάγει
320 1481 375 1550 τόν
402 1478 614 1568 συμβασιλέα.
657 1483 712 1548 καί
739 1487 797 1548 τοῦ
817 1486 915 1565 ζυγοῦ
934 1483 990 1549 τόν
1007 1483 1147 1560 Ἀλέξιον

33 1581 229 1664 έκτινάξας,
248 1583 312 1650 εἴτε
344 1587 468 1674 πνιγμῷ
486 1587 532 1673 τρῖ
562 1588 604 1649 δι’
625 1583 767 1668 άγχόνης,
790 1580 833 1658 ὥς
855 1583 997 1668 διαρρέει
1021 1581 1110 1665 λόγος
1130 1577 1147 1642 ό

36 1686 179 1764 πλείων,
200 1682 261 1750 εἴτε
282 1683 338 1750 καί
359 1680 471 1765 άλλως,
494 1685 539 1762 uic
558 1687 673 1760 ἐκεῖνος
694 1679 760 1750 οἶδε
782 1687 838 1749 καί
858 1683 888 1749 ot
908 1683 1150 1766 σογκακοόργοι,

34 1782 259 1865 α’ντεμβάλλει
285 1782 341 1850 τόν
359 1783 432 1851 οἶόν
454 1781 618 1870 Ἰωάννην,
646 1783 700 1849 τόν
733 1786 789 1849 τοῦ
819 1781 980 1867 Μανοοὴλ
1002 1779 1148 1868 ὕστερον,

10 1882 107 1964 5οάχ
131 1879 186 1948 ότι
206 1888 343 1949 καλλίων
363 1879 424 1968 ἦν,
448 1887 518 1950 άλλ’
540 1881 588 1951 ότι
610 1886 627 1950 ό
649 1889 708 1966 μὲν
731 1882 893 1968 Massurii
915 1878 1145 1964 άπιοτόγειτά

32 1988 99 2046 τοῦ
122 1977 248 2068 άατρός
270 1989 409 2063 καίνισις
432 1984 561 2068 ἔβλεπεν
580 1987 625 2062 εἰς
645 1983 680 2050 τό
697 1987 811 2068 μέλλον
831 1983 886 2048 καὶ
907 1981 962 2048 τόν
983 1981 1059 2046 θεὸν
1077 1984 1146 2047 έπέ-

31 2105 187 2169 στροφον
207 2077 288 2149 εἶναι
316 2090 379 2149 τῶν
405 2089 579 2169 γινομένων
603 2089 707 2151 κακῶν
728 2079 924 2164 insidienti
948 2085 983 2148 δὲ
1002 2083 1146 2166 Ἰωάννης

33 2181 174 2266 ἔστεργε
196 2187 251 2248 καί
269 2193 336 2260 τοῖς
359 2190 651 2271 πλημμελοιιμένοις
671 2183 782 2268 ε”χαιρε
801 2179 1087 2270 συνεφαπτόμενος.

114 2279 168 2349 “A
187 2287 222 2348 tt
240 2284 275 2349 τά
299 2289 445 2350 ἐντεῦθεν
467 2283 484 2348 ά
516 2286 776 2370 Ἀνδρόνικος-
799 2283 839 2348 σά
860 2287 940 2367 λέγω
960 2275 1143 2367 ἥμαρτενῆ

0 2387 285 2467 θὲπλημμέλησιν
322 2381 440 2471 (άλλως
473 2385 530 2470 γάρ
561 2385 592 2450 οἱ
629 2381 820 2469 θερμότεροι
849 2381 1034 2463 ὀνομάσαιεν
1064 2373 1141 2468 όν),

32 2479 183 2566 γλώττης
211 2486 310 2549 δεῖται
342 2488 485 2569 νεανικῆς
507 2487 657 2570 φράζειν,
684 2490 740 2550 καί
765 2487 827 2570 πρά
858 2483 956 2567 αὐτῆς
986 2487 1139 2565 λογισμοῦ

30 2586 162 2661 βαθέος
182 2585 237 2646 καί
257 2585 325 2668 οἴου
349 2577 487 2667 εόοτοχα
503 2587 632 2665 βάλλειν
648 2589 720 2649 καθ’
743 2577 789 2650 ὧν
810 2579 850 2650 δν
869 2586 1030 2664 insputat-
1055 2578 1136 2668 άπερ

31 2884 48 2918 e
66 2869 153 2920 Lazis
173 2868 303 2938 repetitus
317 2878 345 2922 st
366 2871 443 2992 puasi
465 2871 553 2940 imago
573 2870 707 2942 quaedam
724 2878 783 2923 erat
801 2887 905 2933 eorum,
924 2885 994 2941 quae
1012 2869 1069 2931 ille,
1090 2884 1135 2919 re-

32 2939 84 2990 bus
108 2939 241 2991 omnibus
255 2941 317 3008 igne
337 2939 371 2993 de
385 2943 451 3005 etis,
474 2943 547 2994 sumo
575 2950 731 3013 turpaturus
749 2950 833 3006 esset,
853 2951 881 2994 et
898 2942 1050 3011 praefertur
1069 2957 1134 3010 pur-

32 3023 164 3080 pureus,
190 3024 246 3093 quo
266 3011 485 3080 significabatur,
503 3021 572 3084 quot
590 3015 709 3084 capitum
727 3013 912 3082 postulaturus
932 3020 1003 3065 esset
1022 3013 1134 3079 sangui-

31 3099 108 3132 nem.
150 3079 252 3133 assidet
271 3081 370 3134 deinde
389 3085 554 3154 imperatori,
571 3101 602 3136 ae
626 3083 765 3154 praesidet
782 3085 978 3156 (supereminet
995 3083 1068 3134 enim
1086 3081 1136 3133 de-

30 3152 99 3203 hinc
130 3151 211 3204 illice
231 3155 318 3225 eum),
342 3165 557 3227 promovetque,
584 3173 653 3226 quos
678 3157 730 3228 ipsi
749 3156 849 3226 placet,
866 3171 898 3206 ao
916 3155 1031 3238 proterit
1047 3154 1135 3220 magi-

30 3231 156 3286 stratus,
189 3222 252 3274 inde
279 3225 313 3276 ab
341 3227 421 3278 initio
449 3227 554 3298 imperii
583 3228 625 3278 sui
647 3245 752 3280 currum
769 3226 955 3279 vehementius
982 3239 1080 3293 agens;
1101 3241 1133 3275 ao

29 3296 188 3346 miscentur
204 3311 299 3362 magna
318 3296 388 3348 mala
402 3298 480 3350 bonis
500 3298 612 3366 exiguis.

106 3365 190 3416 Brevi
209 3367 352 3418 interiecto
370 3377 504 3440 tempore,
522 3371 646 3440 superior
663 3369 756 3422 evasit.
801 3383 837 3420 ne
853 3374 943 3419 autem
960 3382 1072 3435 magnae
1090 3366 1131 3418 la·

28 3435 215 3488 mentationis
232 3435 286 3489 dux
304 3440 430 3491 exsistam
441 3440 529 3492 Aleaii
539 3441 596 3492 sive
615 3440 784 3512 imperatoris
799 3439 902 3501 amicis,
920 3441 949 3489 in
960 3453 1055 3508 parvas
1068 3455 1131 3508 par.

29 3507 134 3558 ticulas
154 3503 312 3561 dissecanda
330 3511 507 3563 truculentia:
527 3510 649 3563 emedio
668 3511 744 3563 tollit
760 3511 868 3580 imperii
886 3510 996 3560 socium.
1017 3525 1129 3562 excusso

30 3575 238 3646 igitnrAlexio,
255 3583 311 3632 rire
324 3581 389 3634 sune
402 3589 430 3634 et
442 3582 661 3650 strangulatione,
681 3598 751 3654 quae
776 3583 894 3648 vulgaris
914 3581 984 3631 fama
1003 3588 1053 3642 est,
1072 3581 1129 3631 sire

30 3649 88 3700 alio
110 3647 212 3712 morlo,
239 3649 267 3702 isl
292 3651 367 3722 quod
382 3653 441 3724 ipse
467 3661 496 3704 et
514 3653 642 3705 facinoris
661 3653 728 3704 socii
747 3661 889 3715 noverunt,
914 3652 943 3702 in
960 3653 1049 3702 locum
1071 3651 1129 3702 eius

31 3720 182 3771 substituit
199 3720 328 3773 Ioannem
347 3721 442 3787 filium,
462 3724 509 3794 qui
526 3725 653 3776 Manuale
671 3725 761 3775 minor
788 3729 853 3784 erat,
880 3739 935 3774 non
956 3721 1030 3792 quod
1049 3737 1130 3790 prae-

31 3799 129 3852 staret‚
150 3787 199 3840 sed
217 3794 281 3862 quia
300 3793 409 3846 Manuel
429 3793 602 3847 aversabatur
621 3795 741 3847 facinora
759 3795 843 3865 patris
865 3801 893 3845 st
912 3795 1000 3844 animo
1020 3794 1129 3863 prospi·
1227 3792 1235 3804 '

30 3861 127 3914 ciebat
145 3859 246 3927 futura,
266 3862 400 3937 deumque
418 3867 560 3930 malorum,
579 3883 650 3938 quae
667 3867 779 3929 fierent,
803 3863 938 3918 vindicem
960 3865 1016 3916 fore
1037 3879 1130 3914 susur-

31 3933 132 4054 rpbati·
144 3932 261 3986 loannes
279 3937 565 3990 autem-venerabatur
582 3947 686 4009 patrem
704 3945 733 3990 et
752 3937 824 3989 ultro
842 3935 953 3989 iuvabat
970 3951 1051 4007 prusa
1070 3935 1130 3986 eius
1247 3968 1252 3980 ·
1286 3926 1293 3937 '

32 4019 109 4055 conss
123 4019 160 4053 sa.
907 4033 912 4044 ,
1055 4037 1058 4044 .
1193 4017 1195 4023 ·

102 4073 184 4146 Quae
202 4090 266 4126 vero
284 4074 384 4128 deiude
412 4076 581 4130 Andronicus
605 4107 640 4120 -
662 4095 718 4130 non
741 4077 802 4130 dico
820 4078 972 4147 peccaverit
989 4084 1038 4129 aut
1054 4091 1130 4128 corn-

32 4146 141 4196 miserit
162 4145 228 4215 (alio
248 4148 319 4198 enirn
339 4149 448 4200 nomine
467 4149 666 4220 appellaverint
682 4148 918 4220 vehementiores),
937 4149 1030 4218 lingua
1050 4148 1128 4200 iuve-
1176 4173 1179 4181 ν

30 4215 84 4266 nili
119 4231 191 4286 opus
213 4226 272 4280 est,
301 4227 331 4270 ut
350 4229 488 4284 narretur,
524 4228 553 4272 et
571 4236 634 4272 vero
653 4221 762 4290 ingenio
790 4219 887 4274 subtili
905 4229 934 4274 et
953 4219 1027 4292 quod
1046 4219 1129 4273 feriat
