2814 4898
414 281 786 348 cuuouoculeum.
1077 279 1147 348 311

80 440 174 502 ιέσδαι
199 436 394 516 προσέταξεν,
415 435 449 498 έν
467 423 497 522 ᾦ
516 434 662 520 α’λληλοις
679 431 810 516 ἔμελλον
829 430 960 515 ὁμιλεῖν.
1003 433 1150 513 ιῖποστεί-

34 556 36 622 ζ
80 543 125 612 λος
140 528 191 600 οὖν
211 533 343 613 Σομεοδν
365 532 419 598 τόν
439 537 494 618 τῆς
516 533 690 616 ὑπερορίας
712 531 861 600 θεοτδκον
883 533 960 600 ναδν
978 535 1151 618 ,ἐνέπρησεν

34 635 35 644 ’
80 634 121 700 riv
146 639 178 700 έν
208 636 243 719 τῇ
265 635 363 720 Πηγῇ
391 632 446 698 καί
475 632 512 700 ul
536 637 626 714 πέριξ
649 633 751 698 αὐτοῦ
772 635 961 716 σύμπαντα,
994 635 1086 718 δῆλος
1107 628 1153 698 aia

80 737 207 798 ἐντεῦθεν
234 731 278 817 μη
300 733 357 814 τὴν
378 732 506 817 εἰρήνην
534 728 616 799 ἑλών
634 733 703 797 ἀλλ’
723 735 827 798 έλπίσι
849 728 1022 816 μετεώροις
1044 737 1152 797 τοῦτον

59 835 234 910 δέξαοαταῖν.
276 831 529 916 παραγενόμενος
551 833 586 896 δὲ
608 835 855 914 ένΒλαχέρναις
876 827 891 896 ὃ
909 828 1152 914 βασιλεύςνᾶμα

77 933 206 1022 Νικολάῳ
235 938 277 1020 τῷ
308 927 487 1017 πατριάρχρ
521 936 554 996 έν
583 934 622 1019 τῇ
647 927 720 1018 ἁγίᾳ
741 932 887 1014 εἰσῆλθον
906 935 999 1020 σορρλ,
1022 929 1152 1008 καὶτὰς

74 1041 171 1115 χεῖρας
191 1036 340 1111 ἐξέτεινεν
360 1035 417 1116 ἱεἰς
436 1027 555 1116 εὐχήν,
583 1027 651 1098 εἶτα
678 1027 797 1117 πρηνὴς
823 1028 929 1095 πεσοδν
958 1029 1092 1114 δάκρυσι
1114 1029 1149 1096 τδ

75 1125 150 1213 clytos
169 1137 357 1216 κατέβρεχεν
377 1129 513 1218 ἔδαφος,
534 1131 592 1216 την
613 1131 836 1214 πανοίχραντον
856 1130 1004 1195 &soriam
1025 1131 1153 1210 ἀντιβο-

74 1235 127 1294 λοῖν
143 1230 196 1316 τήν
214 1235 347 1315 α’καμπῆ
367 1231 421 1296 κατ’
436 1232 617 1314 α’μειλικτον
636 1233 695 1294 τοῦ
715 1228 924 1316 ὑπερηφάνου
936 1227 1069 1316 Συμεών
1087 1255 1151 1312 μα-

44 1327 153 1408 illitas
183 1335 318 1415 καρδίαν
348 1329 404 1396 καί
430 1339 539 1396 πεῖσαι
568 1327 607 1395 aci
631 1327 709 1416 πρὸς
740 1330 877 1415 εἰρήνην.
929 1335 983 1392 καί
1005 1331 1040 1394 τὸ
1063 1323 1181 1412 ἅγιονῦ

73 1429 204 1508 κιβώτιον
234 1434 464 1513 διανοίξαντες,
499 1427 578 1496 ἔνθα
607 1428 641 1494 τὸ
668 1427 780 1494 σεπτὸν
809 1434 867 1514 τῆς
889 1430 982 1514 ἁγίας
1002 1432 1150 1496 &sociaco

71 1531 290 1615 τεθησαδριστο
318 1529 518 1619 ον’μοφόριον,
541 1533 631 1596 τοῦτο
660 1527 851 1613 ὄβασιλεύς
880 1531 1075 1613 ἀνελόμενος,
1097 1535 1153 1598 κατ’

71 1629 120 1710 την
137 1634 241 1695 πίστιν
269 1631 327 1715 την
347 1633 392 1707 εἰς
412 1629 469 1716 την
496 1627 712 1713 δπερδμωμον
733 1629 882 1697 δεοτόκον
902 1624 954 1696 οἶα
977 1654 1152 1716 περικεφα-

71 1728 152 1792 λαίαν
171 1727 242 1796 τινὰ
253 1734 468 1816 περιθέμενος,
489 1725 573 1817 ἐξῄει
584 1732 642 1795 τοῦ
655 1731 741 1810 ναοῦ,
762 1724 871 1806 ὅπλοις
890 1731 1050 1816 α’σφαλέσι
1065 1755 1151 1814 φριτ-

41 1823 197 1906 illapsum.
238 1826 295 1894 τὸν
314 1830 375 1894 σὺν
396 1831 484 1919 αὐτῷ
508 1825 566 1895 οὖν
582 1831 695 1895 στόλον
718 1829 830 1896 α’σκίσι
845 1853 881 1894 τε
905 1829 959 1894 καί
971 1827 1076 1904 ὅπλοις
1095 1851 1150 1891 κο.

69 1924 190 2010 σμήσας,
211 1926 267 1994 τόν
285 1928 458 2010 ὡρισμένον
479 1928 574 1996 τόπον
603 1935 773 2012 κατέλαβεν
791 1935 1004 2013 σονομιλῆσαι
1025 1933 1070 2017 τῷ
1089 1933 1151 1994 Σο-

69 2029 151 2104 peria.
191 2031 316 2114 πέμπτη
338 2023 394 2094 οὖν
415 2025 516 2118 ἡμέρρ
538 2025 587 2095 ὅτε
600 2032 703 2094 ταῦτα
727 2033 859 2114 ἐγένετο,
880 2027 993 2118 έννάτη
1013 2033 1071 2094 τοῦ
1082 2035 1151 2096 Νο.

69 2131 188 2207 εμβρίοο
207 2129 317 2212 μηνός,
337 2128 469 2216 τετάρτῃ
491 2131 546 2214 τῆς
568 2130 691 2214 ἡμέρας
712 2127 794 2220 cipp,
813 2133 1002 2216 παρεγένετο
1016 2127 1151 2211 svperis

70 2229 175 2308 πλῆθος
194 2219 328 2310 ἄπειρον
344 2228 556 2311 ἑπαγόμενος,
576 2232 640 2295 τῶν
657 2233 719 2310 μέν
741 2232 969 2315 χροσασπίδαιν
989 2227 1044 2294 καί
1069 2252 1150 2312 χρο.

38 2324 256 2414 λθοοδοριέτων,
286 2329 350 2394 τῶν
380 2331 416 2394 δὲ
436 2328 685 2413 ἀργυρασπίδων
709 2329 766 2396 καί
787 2326 1063 2415 α’ργιιροδοριέτιον,
1085 2329 1181 2402 saian

69 2425 98 2487 δέ
117 2426 199 2514 πασῃ
220 2422 326 2493 ὅπλων
345 2432 439 2517 [peip
460 2435 715 2517 κεκοσμημένων,
736 2427 860 2495 πάντων
883 2429 1150 2514 καταπεφραγμέ·

68 2545 120 2586 νων
139 2525 282 2614 σιδήρῳ·
332 2530 366 2593 οἳ
391 2533 490 2611 μέσον
521 2523 627 2594 αὐτῶν
660 2527 856 2616 διειληφότες
877 2527 932 2595 τὸν
953 2525 1086 2610 Συμεών
1105 2526 1150 2602 οἷς

67 2625 187 2702 βασιλέα
209 2627 376 2714 εὐφήμουν
395 2631 433 2716 τῇ
447 2627 613 2711 Ῥωμαίων
636 2633 737 2717 φωνῇ.
751 2628 862 2708 πάντες
884 2631 920 2693 δέ
941 2626 970 2693 οἱ
993 2631 1047 2713 τῆς
1069 2651 1149 2712 συμ-

66 2941 101 3008 ρίι
120 2946 243 2996 utinen
261 2946 295 2996 cle
313 2963 379 3018 pace
403 2949 633 3017 colloquerentur.
671 2950 781 3002 Simeon
799 2959 888 3001 aulem
909 2948 994 3000 missis
1013 2948 1147 3001 militibus

66 3015 237 3068 sanctissimae
256 3017 382 3086 deiparae
401 3019 436 3070 ad
454 3020 547 3088 Pegem
566 3020 698 3089 templum
717 3020 901 3072 combussitel
921 3021 979 3072 loca
999 3021 1148 3089 circumpo-

67 3085 110 3134 sita
128 3085 282 3149 devastavit,
303 3106 317 3138 a
338 3106 402 3156 ροσε
421 3089 539 3142 alienum
556 3107 593 3154 se,
615 3091 663 3142 secl
675 3107 744 3142 vana
765 3100 869 3143 tantrrm
890 3108 937 3159 spe
956 3091 1147 3159 imperatorem

68 3154 195 3221 deludere,
214 3158 280 3210 incle
302 3160 464 3225 significans.
502 3161 646 3230 imperator
658 3179 711 3213 una
731 3180 791 3212 cum
810 3161 961 3232 patriarcba
979 3162 1092 3213 Nicolao
1110 3160 1146 3211 osi

66 3224 216 3279 blachernas
234 3237 263 3280 et
280 3239 401 3281 sanctum
420 3231 541 3282 loculum
560 3249 713 3302 progressus
735 3233 769 3283 orl
788 3251 880 3301 preces
898 3249 992 3282 manus
1012 3230 1145 3294 extendit,

66 3294 154 3348 deinde
172 3316 272 3367 pronus
289 3301 319 3350 in
339 3309 435 3352 terram
456 3301 555 3354 cadens
583 3320 687 3355 sacrum
711 3303 827 3356 lacrimis
851 3304 1033 3371 pavimentum
1049 3303 1146 3368 irriga-

65 3366 106 3417 vit.
139 3368 276 3436 deiparam
303 3388 319 3421 a
344 3371 405 3424 labe
433 3373 578 3427 immunem
602 3374 769 3436 obtestatus,
787 3383 817 3425 ut
837 3373 963 3424 inflexum
983 3381 1010 3424 et
1029 3370 1146 3439 rigidum

65 3439 163 3504 superbi
183 3442 316 3492 Simeonis
335 3443 471 3495 emolliret
487 3461 541 3508 cor,
559 3454 587 3496 et
606 3461 677 3514 quae
703 3453 767 3496 erint
783 3445 854 3513 pacis
876 3445 1035 3511 inspiraret:
1053 3458 1144 3492 sacro-

66 3523 111 3574 que
128 3512 271 3574 scriniolo,
299 3529 354 3580 quo
376 3516 529 3566 veneranda
559 3524 667 3568 sanctae
691 3515 815 3584 deiparae
845 3517 925 3565 vestis
955 3513 1073 3582 reposita
1094 3521 1145 3576 est,

65 3587 166 3645 aperto,
191 3583 267 3634 illam
287 3583 351 3634 inde
372 3584 504 3636 sublatam
515 3625 525 3650 ,
544 3605 577 3638 ex
596 3585 648 3637 sule
668 3603 722 3654 qua
740 3589 768 3636 in
787 3586 983 3636 immaculatam
1000 3583 1044 3635 dei
1063 3582 1144 3652 geni-

66 3651 146 3729 tricem
166 3653 304 3720 pollebat,
325 3655 399 3706 velut
417 3657 519 3723 galeam
549 3658 633 3726 capiti
659 3659 862 3725 circumponens
881 3657 1028 3723 imperator
1046 3653 1144 3704 firmis·

66 3721 129 3770 simis
145 3725 221 3775 armis
241 3725 370 3787 munitus,
388 3727 465 3779 classi
486 3729 545 3779 viae
564 3731 669 3789 comite,
688 3729 783 3796 clipeis
803 3735 831 3778 et
851 3727 929 3778 armis
950 3725 1089 3786 aciornata,
1108 3722 1144 3774 ad

65 3793 200 3854 praefixum
219 3795 307 3846 locum
326 3813 385 3848 curn
402 3799 528 3850 Simeone
543 3807 703 3850 tractaturus
723 3800 843 3849 accessit.
882 3798 978 3866 quinto
997 3796 1081 3864 igitur
1098 3793 1143 3846 die

66 3875 112 3926 quo
139 3864 203 3916 baec
233 3866 305 3917 sacta
326 3876 397 3929 sunt,
417 3869 576 3920 Novembris
602 3870 702 3920 mensis
721 3867 766 3920 clia
786 3887 867 3930 nono,
888 3867 953 3918 bora
973 3865 1028 3916 diei
1050 3873 1144 3936 quarto

66 3929 162 3986 Simeon
189 3937 318 3988 immensa
350 3940 482 3990 exercitus
507 3941 588 4010 plebe
614 3942 829 4009 circumstipatus
849 3939 989 4007 processit.
1026 3937 1144 3988 militum

66 4000 105 4050 alii
122 4007 205 4057 aureis
233 4009 329 4075 clipeis
348 4018 373 4059 el
395 4011 530 4064 deauratis
551 4011 650 4072 hastis,
668 4012 715 4062 alii
735 4012 867 4078 argenteis
885 4008 980 4077 clipeis
997 4009 1098 4075 pariter
1117 4016 1145 4060 et

66 4067 139 4126 hastis
157 4086 265 4146 argento
286 4080 477 4142 rutilantibus,
501 4083 548 4134 alii
570 4084 643 4132 οιιιιιί
673 4099 803 4132 armorum
823 4096 921 4146 genere
939 4078 1036 4142 ornati,
1052 4079 1145 4130 cuncti

66 4150 145 4196 autern
162 4147 231 4202 ferro
254 4149 447 4218 circumcincti,
468 4153 586 4206 medium
606 4152 773 4214 adurisernut
786 4153 948 4216 Simeonem,
966 4167 1047 4226 quem
1059 4150 1145 4204 Grae-
