2882 4894
435 345 808 414 cnaouoennnnu.
1100 321 1170 392 ¹17
1239 304 1246 317 '

98 505 237 587 εἰκλησῖαι
262 501 380 566 πολλαῖ
400 499 502 566 ὀἷκιάι
522 523 556 567 τε
575 500 632 564 καῖ
660 497 790 582 ἔμβολον
815 495 876 576 ἕως
898 493 1047 586 ἐδάφους,
1069 494 1172 564 ἔπαθέ

96 625 120 668 τε
138 601 187 666 καῖ
204 599 403 682 Νικομήδεια
422 599 625 683 μητρόπολις.

166 693 265 774 Οὗτος
293 701 330 764 δέ
353 695 504 784 όΖήνων
528 692 568 782 ήν
596 702 652 784 τής
679 700 825 782 κακίστης
854 701 909 762 κατ’
929 699 1096 778 εἰδεχθοός
1116 719 1172 779 ye-

95 803 152 876 νεός
168 803 228 866 τῶν
256 799 426 881 Ὶσαόρων·
481 800 631 881 α’πόγονοι
655 797 717 881 γάρ
745 800 804 863 τοῦ
831 797 1033 888 προπάτορος
1056 799 1172 862 αότιόν

78 903 179 966 blicani
196 897 381 982 ε’τσγχόνον.
403 896 504 973 δασός
524 901 581 962 καί
599 897 699 974 αότός
720 897 736 962 ό
759 898 872 980 Ζήνων
892 895 947 960 κατ’
966 899 1170 977 εἰδεχθέστα-

93 1023 148 1080 ως,
173 995 276 1080 ιδσπερ
303 991 450 1081 Ἓλληνες
472 999 677 1082 ζωγραφοόσι
702 995 753 1060 τόν
776 1000 877 1062 flava
897 1000 1106 1080 τραγοοκέλην
1135 1019 1169 1060 τε

93 1099 136 1162 κατ’
152 1096 366 1183 δασόκνημσν,
383 1095 440 1183 τήν
457 1095 575 1182 χροιάν
598 1100 708 1178 μέλας,
731 1095 789 1180 τήν
811 1095 937 1180 ήλικιάν
958 1092 1169 1178 α’σόμβλητος,

92 1200 216 1283 όργιλος,
237 1199 428 1281 μνησόκακσς
459 1195 515 1261 καῖ
537 1196 661 1282 φθόνον
694 1197 816 1278 μεστός.
870 1193 1041 1278 Μαριανός
1065 1197 1100 1258 δέ
1121 1220 1170 1269 τις

92 1305 220 1379 προεῖπεν
240 1299 328 1384 neira]
356 1293 405 1361 ὅτι
436 1299 489 1360 καὶ
518 1295 576 1380 τήν
604 1297 771 1378 βασιλείαν
802 1295 857 1360 καί
875 1293 935 1378 τήν
953 1294 1086 1377 γυναῖκά
1108 1317 1168 1358 σον

64 1399 259 1479 Ιλδιαδὲχεταῖ
285 1420 334 1470 τις
366 1391 429 1460 άπδ
461 1399 697 1479 σελεντιαρίων.
748 1392 911 1478 Πελάγων
942 1396 978 1456 δέ
1006 1417 1076 1456 τινα
1104 1388 1169 1455 άπό

91 1497 293 1580 σελεντιαριλνν
311 1487 385 1560 όντα
405 1496 580 1582 πατρόκιον,
603 1489 704 1578 ἄνδρα
719 1493 916 1580 σσφιότατσν,
937 1496 1082 1557 ἐκέλευσε
1102 1517 1169 1576 φσ-

90 1592 242 1660 λόττεσθαι
263 1597 298 1659 έν
318 1592 443 1682 εἱρκτῇ·
487 1593 524 1658 δν
543 1592 573 1659 ολ
594 1588 805 1681 φυλάττοντες
828 1596 862 1660 όν
886 1595 977 1658 avant*
995 1595 1168 1669 ἀπέπνιξαν

89 1692 156 1758 κατά
175 1698 317 1759 κέλευσεν
337 1695 492 1779 Ζήνωνος.
542 1692 624 1776 μετά
652 1697 688 1758 δὲ
715 1695 830 1779 χρόνον
857 1689 962 1775 ὀλίγον
983 1693 1169 1778 δυσεντερόρι

90 1797 206 1880 ληφθείς
226 1793 243 1857 o‘
266 1796 380 1878 Ζήνων
399 1790 614 1878 transieras»,
634 1797 697 1858 τῶν
718 1790 888 1880 ἀκεφάλων
909 1783 964 1857 τόν.

62 1908 83 1960 n
156 1894 265 1978 Ζήνων
287 1894 416 1977 ήδοναῖς
436 1891 565 1970 α’τόποις
585 1891 642 1958 καὶ
660 1889 808 1977 πράξεσιν
827 1891 952 1967 α’τόποις
972 1890 1165 1974 ἐσχόλαζεν·

88 1993 130 2076 ἐφ’
149 1986 184 2058 οὗ
201 1993 235 2058 τό
255 1998 313 2058 τοῦ
342 1994 521 2060 α’πσστόλσο
548 1990 705 2076 Βαρνάβα
726 1995 877 2076 λείψανον
897 1987 1015 2077 εδρέθη
1039 1994 1073 2056 έν
1093 1992 1167 2055 Κό-

88 2117 144 2180 σρηι
164 2092 222 2158 όπό
245 2097 375 2176 δένδρον
396 2097 558 2178 κερατέαν,
581 2091 655 2176 ἕχον
675 2098 728 2160 ἐπὶ
749 2095 890 2177 στήθους
911 2089 947 2154 τό
969 2090 1052 2156 κατά
1071 2093 1166 2156 Ματ-

87 2197 165 2258 teian
183 2194 366 2278 εὐαγγέλιον
385 2190 573 2280 ι’διόγραφον
603 2197 662 2257 τσῦ
681 2190 847 2276 Βαρνάβα,
867 2197 900 2270 ἐξ
920 2183 959 2276 ἧς
978 2191 1167 2272 προφάσεως

87 2296 174 2375 γέγονε
197 2291 407 2378 μητρόπολις,
437 2297 495 2358 κατ’
523 2294 567 2378 μή
595 2300 696 2358 τελεῖν
717 2291 780 2358 aiud
799 2291 992 2374 Ἀντιόχειαν
1014 2292 1083 2352 άλλ’
1102 2286 1163 2352 όπδ

59 2396 413 2460 λῡλλωνσταντινσόπολιν.
462 2393 497 2458 τό
521 2396 557 2459 δὲ
585 2398 723 2460 τοιοῦτον
743 2395 926 2476 ενάνγὲλιον
950 2389 1063 2472 Ζήνων
1085 2390 1167 2452 α’πὲ-

88 2495 146 2556 θετο
168 2497 211 2570 εἰς
231 2494 267 2559 τό
291 2490 446 2559 παλότισν
466 2495 500 2557 ἐν
521 2497 564 2582 τῷ
594 2496 671 2582 άγόερ
695 2494 855 2578 Στεφάνῳ.
1004 2577 1006 2586 y

155 2595 219 2658 Ἐπί
239 2595 344 2659 ositeri
364 2593 513 2678 Περόζης
540 2592 557 2656 ό
581 2597 712 2678 Πέρσης
734 2591 880 2676 ήττηθεδς
901 2593 936 2654 έν
954 2592 1082 2675 πολέμῳ
1103 2585 1167 2652 siuti

90 2685 199 2758 Οόννων
225 2693 281 2759 τόν
314 2693 499 2779 μάργαρον,
522 2690 557 2759 όν
587 2691 696 2779 ἐφόρει
717 2690 903 2757 λευκότατον
925 2689 980 2755 καί
998 2695 1097 2772 μέγαν
1119 2692 1164 2764 εἰς

145 2860 262 2944 16.qu
351 2871 394 2923 εν.
412 2871 568 2942 nsotrae

89 3015 195 3068 terribilis
215 3025 305 3069 terrae
323 3025 411 3070 motus
426 3017 578 3086 luitholi‚
597 3031 649 3088 qna
661 3015 763 3070 multae
785 3019 925 3081 ecclesiae,
943 3017 1036 3068 (lorinus
1056 3024 1084 3068 et
1097 3034 1162 3086 por—

88 3086 141 3136 ticus
157 3089 340 3150 conciderant,
362 3099 390 3140 et
408 3089 565 3140 Nicomedia
586 3089 742 3158 metropolis
762 3088 867 3160 aliquid
888 3105 962 3157 pressa
983 3096 1031 3138 est.

142 3157 221 3211 Natus
239 3161 294 3212 fnit
312 3161 383 3211 Zeno
400 3177 434 3212 ex
453 3162 569 3230 pessima
591 3168 619 3210 et
635 3159 750 3212 deformi
770 3169 849 3230 gente
867 3161 1027 3220 isaurorum,
1047 3158 1094 3226 qai
1112 3157 1162 3206 ab·

88 3236 180 3296 nepotes
199 3239 276 3282 erant
293 3230 381 3294 Esavi,
402 3229 520 3284 hirsutus
542 3239 569 3283 et
588 3231 726 3296 deformis,
750 3229 975 3304 quemadmodum
997 3229 1092 3279 Gracci
1111 3227 1162 3277 Pa-

88 3315 135 3349 nem
149 3301 261 3370 pingunt
274 3301 447 3371 capripedern
468 3312 495 3354 et
514 3303 618 3355 villosis
632 3303 761 3368 cruribus,
780 3303 864 3368 niger,
878 3310 979 3353 statura
993 3300 1161 3360 inconcinna,

88 3368 218 3437 iracundus,
237 3374 397 3424 iniuriarum
416 3391 518 3426 memor
538 3383 565 3426 et
576 3374 736 3426 invidiosus.
759 3375 930 3425 etMarinnns
950 3372 1060 3442 qnidam
1080 3385 1161 3441 prae-

88 3435 150 3502 dixit,
163 3461 272 3510 regnum
295 3446 353 3496 eius
374 3452 403 3496 et
423 3463 532 3497 uxorem
548 3463 563 3497 e
582 3445 739 3496 silentiariis
758 3443 893 3515 quendam
910 3443 1071 3495 habitururn.
1109 3441 1161 3492 Pe·

49 3565 53 3572 .
89 3507 166 3590 litium
183 3515 361 3566 silentiarium
379 3516 529 3583 patricium,
547 3517 633 3568 virum
652 3517 875 3585 sapientissimum
895 3513 924 3564 in
944 3531 1074 3564 carcerem
1092 3528 1159 3562 con-

88 3581 121 3628 nci
140 3585 218 3637 iussit.
270 3603 332 3635 enm
358 3586 482 3638 custodes
509 3605 558 3657 per
587 3595 695 3638 noctem
715 3588 829 3638 Zenonis
862 3587 935 3636 iussu
956 3583 1157 3634 interfecerunt.

88 3649 152 3704 Paulo
176 3665 235 3724 post
259 3658 331 3708 Zeno
351 3658 511 3710 torminibus
530 3660 722 3710 intestinorum
740 3667 860 3710 mortuus
889 3663 944 3722 τοῖς
963 3654 1050 3705 inerat
1069 3661 1157 3713 autem

88 3734 113 3770 en
129 3725 315 3794 Acephalorum
337 3727 450 3779 haeresi.

143 3797 205 3848 Zeno
224 3799 304 3848 malis
325 3798 487 3850 hbrdrnrbne
508 3797 615 3850 deditus
634 3807 692 3850 erat
710 3807 738 3850 et
759 3798 933 3851 facinoribus.
971 3795 1020 3847 sub
1039 3812 1072 3846 eo
1091 3793 1159 3843 Bar-

88 3860 156 3939 nabae
173 3869 285 3936 apostoli
306 3868 438 3938 reliquiae
466 3871 495 3920 in
512 3869 600 3938 Cypro
630 3871 755 3921 inventae
777 3879 839 3920 snat
859 3870 908 3919 snb
928 3867 1024 3918 arbore
1049 3881 1159 3929 σιττακός

88 3945 109 3980 ¹11
124 3946 219 4000 pectore
245 3938 355 3990 iacebat
382 3941 552 4008 evangelium
571 3941 702 3991 Matthaei
730 3958 747 3990 a
765 3939 885 3990 Bernaba
904 3940 961 4007 ipso
981 3937 1155 4004 ‹leseripturn3

89 3997 143 4054 hanc
160 4009 190 4058 ob
208 4027 315 4061 cansam
343 4013 504 4080 metropolis
524 4012 593 4062 sucta
624 4021 664 4062 est
683 4013 809 4082 (Cyprus)
837 4025 927 4078 neque
946 4008 997 4059 sub
1018 4005 1160 4058 Antiochia

89 4076 223 4130 censebatur
243 4080 291 4133 sed
311 4080 361 4132 sub
383 4083 476 4152 Cpoli;
498 4081 527 4133 id
544 4085 713 4150 evangelium
732 4085 802 4134 Zeno
824 4083 853 4132 iu
872 4081 972 4150 palatio
993 4080 1113 4150 reposuit
1131 4078 1160 4127 iu

89 4143 143 4196 aete
159 4148 191 4198 St.
210 4151 351 4220 Stephani.
595 4195 598 4202 ,

143 4217 190 4270 Sub
208 4237 238 4273 eo
258 4224 387 4285 Peroses,
411 4222 548 4274 Persarum
568 4239 623 4288 rex,
644 4222 719 4276 bello
738 4223 772 4276 ab
799 4223 905 4276 iiuauis
925 4222 1012 4276 rictus
1031 4218 1158 4290 margari-
