2834 4898
381 361 753 442 cuuouoossnurs.
923 348 926 360 '
1038 361 1111 438 tet

41 519 143 583 σασθαι
156 515 214 604 τήν
229 513 335 584 edatis
348 519 463 598 πίστιν,
482 518 538 584 κατ’
549 514 662 584 τοάτσο
681 515 725 602 μή
746 519 935 594 πεισθέντος·
950 519 1036 606 ξίφει
1055 518 1114 596 τάς

41 613 144 682 ἑαυτῶν
161 615 302 703 κεφαλάς
318 614 557 703 ἀπετμήθησαν,
571 615 641 682 sissi
653 616 847 702 προσκαίρου
864 617 945 704 ζωής
960 608 1021 702 τήνΙ
1034 617 1116 682 uiri.

41 740 92 782 τιον
109 716 333 800 άγαιτήσαντις.
390 712 408 779 δ
444 717 480 782 δὲ
499 713 559 800 τήν
587 711 725 800 αἰσχράν
753 718 911 802 σωτηρίαν
930 715 985 801 τῆς
1007 715 1115 782 καλλί-

41 838 100 899 στης
113 812 393 902 α’νταλλαξάμινσς,
416 814 502 880 sicori
516 812 692 902 φιλοσόφον
706 818 846 891 Λέοντος
855 812 1002 902 μαθητής
1012 808 1115 900 προσ.

27 918 113 999 ὅρασίς
136 918 179 1004 τῷ
198 915 386 1000 α’μερσσμνή
416 915 565 1000 η’ρωτήθη
598 922 671 998 παρ’
692 913 794 996 αάτσῦ
816 917 890 1000 περὶ
911 919 968 1000 τῆς
986 913 1143 999 intorsi-B

41 1037 89 1099 μης
106 1015 217 1079 αὐτοῦ.
262 1013 279 1079 ὅ
301 1016 337 1079 δὲ
358 1009 445 1082 εἶπεν
465 1012 616 1100 μαθητήν
636 1005 717 1079 εἶναι
738 1015 796 1081 τοῦ
818 1014 996 1100 φιλοσόφου
1013 1014 1115 1080 Λέσν.

41 1137 91 1188 τος.
112 1155 115 1160 -
140 1105 232 1190 οὗτος
251 1137 286 1178 τε
310 1107 399 1190 ὅστις
432 1111 451 1179 ὃ
476 1117 572 1181 Λέων
602 1116 658 1180 καί
688 1112 796 1178 ὁποῖον
833 1113 930 1178 αὐτόν
961 1110 1115 1195 ἐπεθύμει

41 1215 114 1280 ἰδεῖν.
156 1216 210 1280 καί
237 1211 277 1300 δή
298 1238 370 1280 τινα
398 1218 469 1296 τοῖν,
490 1214 703 1298 αἰχμαλώτων
736 1209 813 1288 δοάς
843 1213 1015 1296 γράμματα
1037 1208 1115 1296 πρὸς

41 1318 148 1378 Λέοντα
168 1310 222 1380 τὸν
232 1313 409 1400 φιλόσοφον
425 1315 608 1380 ’ἀπέστειλεν
626 1313 660 1378 έν
673 1309 1015 1408 1ίωνστανηινσυπδλει,
1036 1305 1115 1374 άπα-

16 1412 172 1495 λλσχὸμονος
192 1409 283 1501 αὐτῷ
304 1408 351 1478 δτι
374 1414 406 1477 εἰ
432 1416 555 1490 έξέλθοι
582 1411 663 1499 πρὸς
695 1413 828 1496 ἐκεῖνον,
850 1409 948 1477 αὐτὸν
976 1404 1059 1476 εἶναι
1080 1410 1116 1476 έν

41 1514 110 1598 τιμή.
150 1507 168 1576 ὅ
190 1515 226 1578 δέ
248 1514 345 1578 Λέων
365 1510 402 1578 τά
425 1515 598 1596 γράμματα
626 1505 804 1592 άπολαβάν,
826 1509 881 1574 κατ’
896 1511 1050 1596 φοβηθείς
1070 1505 1114 1596 μή

41 1633 93 1684 πως
113 1612 314 1698 διαγνωσθῇ,
335 1609 488 1696 α’νήγαγεν
517 1607 601 1676 αδτά
625 1610 770 1698 Θεοφίλῳ
795 1611 841 1697 τῷ
860 1613 995 1691 βασιλεῖ.
1038 1604 1117 1673 δδέ
1213 1693 1215 1698 ,

41 1708 116 1790 μούς
142 1707 182 1774 τά
212 1712 268 1794 τῆς
288 1710 391 1777 αδτοδ
420 1706 614 1796 ἐπιστήμης,
630 1708 887 1792 προσλαβόμενος
909 1707 1009 1775 αι’τόν
1030 1702 1117 1790 εἶχεν

42 1812 67 1872 ἐν
84 1813 123 1896 τῷ
140 1812 282 1898 παλατίῳ
302 1800 567 1894 τήφΜαναάρας,
588 1807 755 1894 παραδοδσ
768 1811 856 1896 adsui
879 1806 1042 1875 διδάσκειν
1062 1811 1118 1874 καί

17 1907 179 1993 λιμαθητάς,
198 1911 348 1994 παρέχων
369 1908 457 1995 adsui
478 1907 518 1974 τά
541 1907 618 1994 πρὸς
642 1905 815 1996 ὑπηρεσίαν
828 1902 966 1975 ἅπαντα·
1009 1905 1042 1985 ὃς
1062 1909 1118 1974 καί
1126 1931 1147 1985 c

44 2011 252 2093 μητροπολίτης
274 2013 309 2074 έν
333 2011 545 2098 Θεσσαλονίκη
567 2013 699 2094 γέροντο.

103 2107 137 2170 Ὁ
155 2109 191 2173 δὲ
211 2102 310 2184 αάτδς
329 2105 480 2190 βασιλεάς
501 2103 556 2172 τάν
588 2111 759 2192 Τρίκογχον
781 2109 815 2174 έν
834 2111 879 2198 τῷ
899 2110 1042 2196 παλατίητ
1061 2112 1119 2176 καί

42 2203 67 2268 τὸ
84 2208 244 2290 λεγόμενον
257 2211 362 2290 Σίμμα
382 2210 438 2272 καί
456 2207 513 2284 τάς
529 2205 717 2294 άναβάθρας
738 2205 817 2274 ἔνθα
839 2205 868 2272 οἱ
892 2209 988 2292 δήμοι
1008 2209 1117 2274 ἵσταν·
1150 2279 1154 2286 ,

42 2328 83 2369 τοι
98 2304 221 2393 στήσας,
242 2303 298 2372 καὶ
314 2305 432 2394 φιάλην
452 2310 488 2385 έν,
504 2299 659 2394 ιήγίνεται
687 2305 724 2406 τὸ
758 2309 1004 2390 Σαξιμσδέξιμον
1025 2303 1114 2392 λιγά.
1124 2335 1159 2390 37

15 2415 127 2490 λλμττον,
146 2409 210 2472 τιόν
236 2409 339 2472 ἵππων
361 2409 550 2494 α’μφοτέρων
575 2407 638 2471 τῶν
664 2409 772 2490 μερῶν
804 2407 1014 2490 διερχομένων
1033 2405 1114 2489 μετά

42 2509 151 2586 χρυσοῖν
183 2505 401 2590 σαγισμάτσον.
455 2503 516 2570 sino*
551 2507 587 2572 δέ
616 2504 669 2569 τὸν
696 2510 869 2590 Τρίτωγχον
893 2501 1036 2571 κάτωθεν
1059 2504 1115 2572 διά

44 2605 165 2689 μηχανῆς
194 2607 340 2689 ἐποίησεν
375 2602 411 2670 τὸ
440 2603 607 2698 λεηόμινον
625 2603 819 2691 μυστήριον,
838 2607 872 2670 έν
892 2595 919 2696 ᾦ
942 2607 975 2670 έν
996 2607 1037 2694 τῇ
1056 2596 1119 2692 μιᾷ

43 2707 123 2792 νωνιρῖ
142 2702 161 2769 δ
179 2703 236 2771 έάν
256 2703 327 2794 εἴση
344 2728 402 2788 τις,
425 2704 608 2784 έξακοδιται
629 2707 662 2770 έν
683 2706 721 2793 τῇ
738 2699 846 2794 ἑτέρᾳ.

100 2865 122 2914 1-
140 2861 257 2940 δπστον]
281 2863 380 2928 δποϊος
395 2862 518 2940 patrini
606 2865 630 2918 1.
648 2858 734 2938 πρδς]
755 2863 805 2920 dn.
823 2863 882 2918 Par.

45 3004 121 3074 adacti,
139 3017 169 3062 ut
187 3008 271 3064 fidem
288 3021 426 3082 negarent,
455 3011 508 3082 ipsi
526 3028 630 3064 morem
646 3027 703 3064 non
720 3019 844 3080 gerentes
867 3007 957 3078 gladio
979 3007 1114 3080 capitibus

44 3082 135 3145 praecisi
153 3090 233 3145 sunt,
256 3083 330 3136 vitae
351 3082 508 3154 temporalis
535 3084 592 3135 vics
620 3091 757 3136 aeternnm
783 3082 929 3136 consecuti.
965 3078 1114 3150 discipulus

45 3158 115 3200 autern
131 3153 227 3206 Leonis
254 3153 430 3224 philosophi,
458 3155 573 3206 salutem
598 3154 804 3207 honestissimae
823 3162 930 3222 turpem
947 3151 1113 3222 praeferens,

45 3221 137 3274 eumad
166 3239 349 3279 amerumnem
364 3225 524 3288 transisset,
546 3225 580 3280 nb
604 3241 637 3278 eo
665 3223 830 3278 descientia
856 3240 905 3275 sua
932 3224 1114 3287 interrogatus

45 3289 123 3343 Leonis
140 3293 304 3365 discipulum
322 3313 379 3349 esse
397 3295 532 3366 professus
553 3303 600 3346 est.
643 3311 809 3346 amerumnes
827 3295 897 3364 quis,
916 3302 944 3346 et
962 3293 1049 3362 quslis
1067 3308 1114 3342 es·-

44 3368 78 3410 set
90 3365 134 3415 iste
151 3369 207 3418 Leo
227 3366 344 3435 probare
358 3368 489 3436 cupiens,
507 3367 675 3436 captivorum
692 3365 852 3418 nonnemini
871 3362 941 3416 datis
958 3361 1056 3414 litteris
1074 3357 1110 3412 ad

45 3427 141 3484 Leonem
159 3437 355 3507 philosophum
372 3437 478 3508 Cpolim
505 3438 586 3500 misit,
606 3437 760 3508 pollicitus,
783 3437 806 3487 si
827 3436 940 3497 veniret,
960 3434 989 3482 in
1008 3431 1112 3482 honore

45 3499 151 3556 futurum.
198 3509 316 3576 acceptis
346 3509 456 3572 litteris,
477 3510 577 3560 veritus
600 3509 652 3559 leo
670 3526 705 3558 ne
727 3505 935 3574 dignosceretur,
956 3501 1111 3570 Theophilo

46 3569 180 3640 imperatori
199 3586 297 3630 cuncta
314 3577 422 3630 detulit.
458 3578 643 3649 Theophilus,
666 3581 723 3630 eius
741 3578 830 3645 agnita
850 3573 970 3636 scientia,
987 3580 1112 3623 vocatum

46 3638 144 3698 detinuit
164 3649 193 3700 in
218 3649 382 3718 Magnaurse
407 3649 528 3720 palatio,
558 3647 672 3700 docendi
708 3648 839 3700 facultate
864 3642 1057 3713 discipulisque
1083 3649 1113 3694 et

46 3716 130 3767 cunctis
145 3723 301 3773 necessariis
318 3719 354 3772 sd
368 3721 545 3774 ministerium
563 3719 711 3788 exhibitis5
729 3720 776 3790 qui
795 3717 924 3786 deinceps
937 3713 1112 3784 metropolita

47 3779 276 3844 Thessalonicensis
301 3792 413 3844 exstitit.

102 3855 170 3908 idem
187 3861 335 3931 imperator
361 3861 541 3914 Triconchum
563 3863 593 3912 in
622 3859 741 3930 palatio,
767 3867 796 3912 et
814 3857 888 3930 quod
904 3853 1112 3922 diciturSigma,

47 3923 176 3998 gradusque
194 3933 294 4002 quibus
312 3933 446 3986 factiones
465 3935 627 3994 consistunt,
646 3939 675 3982 et
691 3931 796 3984 sontem
813 3928 972 3988 aedificavit,
993 3942 1048 3994 quo
1063 3942 1115 3994 pe-

47 3995 403 4075 ηέῇῑιιτδιοττίτττο-(Ῑοττίιττατιτ
431 4003 549 4069 dictum,
575 4005 715 4072 utriusque
741 4003 826 4072 partis
843 4000 920 4071 equis
939 3998 1029 4048 eureis
1046 4003 1116 4046 strn-

47 4063 107 4126 gulu
121 4068 249 4128 instructis
271 4084 298 4126 et
318 4075 577 4144 pertranseuntibus.
622 4072 671 4124 sub
692 4071 842 4124 Triconcho
864 4086 927 4124 vero
947 4077 975 4119 et
991 4065 1117 4117 machina

48 4131 167 4218 secretum
183 4141 231 4213 (ita
248 4148 359 4217 vocant)
375 4147 480 4215 posuit,
498 4147 527 4200 in
545 4148 619 4200 cuius
638 4143 739 4214 angulo
753 4143 849 4217 quovis
866 4135 1000 4213 quidquid
1018 4135 1117 4190 disserit

50 4203 144 4289 aliquis,
157 4213 184 4264 in
203 4215 288 4268 altero
308 4216 459 4274 exauditur.
484 4273 486 4282 ,

100 4316 146 4374 leo
164 4325 369 4386 Grammaticus.
784 4377 789 4380 .
893 4321 925 4376 15
