2838 4902
206 323 261 390 DE
278 317 587 388 Tflutsttolttca
605 320 634 385 Δ
653 317 812 385 tanais
829 314 974 385 etms.
1062 307 1136 383 393

52 473 94 546 είς
115 455 228 536 ἐκεῖνον
247 469 277 536 oi
297 466 438 557 μεγοίλοι,
461 467 491 534 ai
510 473 630 552 μικροί,
649 465 803 552 sipiares.
854 467 911 536 κατ’
929 469 1137 550 θαυμάζωσι

52 571 113 654 μίν,
132 569 227 636 ὁποία
248 569 356 659 πριβην
389 572 554 646 δοκοῦντες
583 572 710 650 βλέπειν
736 561 789 634 οἷα
816 568 876 632 νιῖν
894 567 1046 652 ἐμφανῶς
1064 566 1199 648 pat-sao

51 691 150 755 πονοι,
170 668 226 735 καί
246 667 290 746 ὥς
320 668 354 735 ai
373 672 439 750 μὲν,
453 671 577 753 μακραί
594 671 668 753 νῆες
694 665 823 744 ἁλιάδες
841 659 917 749 ι’ίρτι
935 667 1141 750 γνωρίζονται

51 771 102 852 τῆς
122 767 199 854 πρίν
218 765 299 834 κιττοὶ
325 767 643 855 α’πάτηνσκοτοίσεως
663 766 943 857 διαφωτισθείσης,
964 761 1000 832 αἱ
1013 766 1048 828 δὲ
1062 787 1142 848 σκη·.

32 869 102 932 osai
120 876 255 952 μακροῖς
281 869 443 952 αλλήλων
456 866 668 952 διαστήμασιν
689 865 917 952 α’φοριζυντιιο,
939 861 1140 949 σικυηλοὶτοις

52 970 236 1050 πρέπουσαι,
257 966 275 1032 ὅ
299 970 335 1033 δὲ
355 967 493 1052 στρατὸς
515 961 588 1042 ὅσος
608 965 782 1050 πανήγυρις
813 963 871 1028 osis
890 958 1029 1048 εὐγενής,
1051 959 1081 1027 οἱ
1102 963 1140 1028 tt

52 1069 137 1130 ἳπποι
157 1061 285 1142 ὁποίους
317 1066 392 1142 τούς
419 1065 546 1142 πλείους
575 1062 719 1148 μόλωσιν
741 1057 782 1128 ἂν
809 1064 1042 1146 καταδίχοιντο.
1084 1059 1140 1126 καὶ

53 1165 260 1249 οἷφυπνιῒοντο
278 1167 339 1248 ula
359 1165 415 1235 καί
435 1170 612 1252 α’νένηφον,
631 1164 675 1242 ὥς
692 1161 730 1229 rai
753 1160 851 1248 μικροὶ
872 1163 1037 1246 γνωρίζειν
1058 1153 1138 1225 aira

52 1264 138 1328 τοῦτο
158 1262 268 1355 μικρά,
289 1267 345 1331 καί
360 1265 473 1351 μηκέτι
491 1263 657 1348 μεγαλεῖόν
677 1287 710 1329 τι
730 1263 842 1339 αὐτοῖς
861 1263 1139 1347 ἐπιψηφίζεσθαι·

19 1361 81 1429 itai
108 1364 145 1428 tt
180 1363 282 1430 πάλαι
313 1367 435 1444 ποθοῦν
459 1368 643 1448 παραμένον
672 1361 798 1429 ἔπειθον
818 1365 940 1428 ἐθέλειν
959 1358 1016 1426 τὸν
1035 1353 1139 1443 ἄνδρα

51 1461 142 1542 μόνον
164 1461 266 1528 asiais
295 1463 488 1550 φαινόμενον
512 1464 546 1530 so*
566 1465 649 1546 πᾶν,
668 1461 755 1528 καθα
782 1460 864 1546 πρὸς
883 1463 1009 1546 ιίγαθοιῑ
1028 1464 1140 1548 σφίσιν

50 1553 95 1646 ἦν,
114 1560 389 1647 καταπράξεσθαι.
411 1562 526 1628 οὐκοῦν
543 1559 719 1649 ιη’σπιὲζσντο
739 1564 866 1643 ἐκεῖνον,
886 1558 1019 1647 ἐφίλουν
1038 1556 1139 1644 πρόσ·

52 1658 132 1726 ωπόν
152 1684 197 1747 τε,
217 1653 255 1726 οὗ
275 1660 331 1747 τὴν
349 1667 430 1730 θίαν
448 1656 590 1749 εὔχοντο,
612 1665 668 1727 καί
679 1668 802 1748 χεῖρας,
819 1662 871 1748 ἐφ’
891 1653 943 1736 αἶς
961 1663 1141 1726 ἐπεποίθει-

51 1783 123 1839 σαν,
145 1761 199 1826 ἐπ’
220 1764 330 1838 αὐτοῖς
347 1765 557 1829 ίνεθσυσιλον·
580 1759 786 1846 ίξηρειλγοντσ
809 1762 957 1836 ἐπαίνους
979 1761 1142 1824 παντοία-ι,

20 1856 135 1939 tinacia,
159 1860 303 1942 ἀνεβόων
323 1861 426 1945 συχνὰ
450 1863 546 1941 δόξαν
566 1867 612 1951 τῷ
630 1866 719 1950 θεῷ·
762 1863 1004 1945 προεκαλοῦντο,
1024 1859 1055 1924 εί
1074 1851 1143 1925 σίὸν

51 1981 89 2038 τε,
111 1960 306 2044 διοπηδῆσαι
338 1963 383 2040 είς
404 1961 461 2046 τήν
480 1964 695 2048 α’ντίπορθμυν
716 1960 815 2044 ταχύ·
855 1958 891 2027 si
912 1956 973 2046 γοῖρ
1001 1961 1145 2034 ποδῶκες

52 2059 105 2118 τοῦ
124 2053 252 2144 οἷνιλρός,
266 2061 419 2146 ἐπίσημον
431 2062 520 2150 αὐτῷ
532 2063 690 2145 τυγχάνον
708 2057 787 2145 πρὸς
803 2059 942 2148 φύσεως,
956 2061 1012 2124 καί
1029 2059 1142 2126 τοιαί-

53 2179 114 2241 την,
137 2152 247 2243 οἶμαι,
266 2163 490 2244 καινοτροιιίαν
512 2163 718 2246 ἐνθυμήσεως
739 2161 896 2243 ὑπέβαλλε
917 2167 982 2235 τοῖς
1004 2163 1141 2234 πολλοῖς.

53 2252 68 2316 ὁ
89 2259 124 2321 δὲ
145 2254 183 2321 τα
205 2259 264 2340 μὲν
287 2256 470 2343 οἶνοιχαρείς
492 2260 536 2336 οὖς
556 2257 639 2334 sisic
655 2260 711 2324 καί
728 2256 825 2342 μάλα,
845 2256 884 2324 τοὶ
907 2261 943 2324 tt
957 2261 1011 2324 κιιί
1031 2264 1140 2344 φιλεν.

19 2363 46 2418 tt
54 2353 212 2439 δτικτήσας
234 2359 268 2423 ἕν
289 2357 414 2435 οἰκείοις
435 2359 701 2444 κενεαυχὴμασιν,
733 2361 790 2423 οὐκ
816 2360 909 2444 ὀλίγα
932 2359 967 2426 tt
987 2355 1042 2422 καί
1060 2361 1142 2440 θαρ.

55 2455 146 2536 ρυνας
167 2452 427 2532 ecciesiasticis
448 2456 699 2545 οἷφεωρακότας,
720 2456 847 2543 αἴρεται
867 2460 983 2543 μικροῦ
1004 2453 1143 2522 &sirini

51 2556 183 2642 χειροῖν,
208 2548 246 2620 οὔ
266 2552 365 2639 μόνον
392 2554 474 2642 πρὸς
499 2558 669 2642 Ἀγγίλων,
695 2563 807 2642 γένους
833 2557 947 2624 τούτου
974 2557 1142 2640 βασιλικοῦ

114 2737 141 2792 8.
158 2737 306 2814 ἀνέφηναν
323 2739 349 2796 Τ

53 2902 176 2972 quisunt
194 2903 225 2956 in
243 2920 355 2970 summa,
373 2905 475 2970 infima,
492 2903 582 2958 media
600 2904 718 2958 statione
737 2905 818 2959 vitae.
847 2919 879 2958 ac
898 2903 1038 2970 mirantur,
1056 2920 1140 2976 quarn

55 2987 119 3040 quac
136 2975 213 3045 prius
233 2975 396 3030 ridebantur
416 2977 469 3030 sibi
485 2976 586 3040 videre,
604 2991 678 3029 nunc
700 2976 796 3030 vident
812 2991 912 3042 revera,
929 2985 958 3029 et
975 2991 1055 3030 navas
1074 2977 1140 3030 illae

54 3041 146 3112 longas
163 3047 219 3097 iarn
240 3047 355 3118 scaphas
374 3056 515 3118 apparent,
531 3049 670 3100 oculorum
690 3057 754 3100 ante
771 3045 894 3100 tenebris
915 3064 988 3100 nunc
1005 3047 1140 3110 discussis,

55 3117 166 3167 tentoria
188 3125 280 3169 autem
309 3121 412 3188 magnis
431 3128 591 3189 separantur
607 3120 778 3182 intervallis,
796 3119 874 3184 areis,
894 3117 994 3202 quibus
1011 3133 1140 3170 cucume-

55 3199 92 3235 rss
112 3187 275 3255 gignuntur,
294 3198 377 3260 apta,
404 3191 538 3242 exercitus
563 3191 688 3243 concioni
706 3189 780 3241 haud
809 3189 910 3241 illustra
930 3188 1035 3252 similis,
1055 3197 1139 3258 atque

55 3255 115 3325 eqni
133 3259 271 3329 plerique,
290 3263 385 3330 quales
405 3262 435 3312 in
452 3262 596 3330 pistrinum
627 3261 696 3314 mitti
714 3262 812 3313 solent.
848 3262 942 3330 itaqua
958 3259 1139 3327 expergefacti

54 3332 79 3376 at
95 3330 205 3399 crapula
228 3331 312 3383 soluti
337 3331 520 3400 agnoscebant
541 3332 653 3403 quidem
679 3333 773 3401 copias*
793 3331 823 3382 id
848 3329 921 3401 quod
948 3337 1054 3393 esseut,
1078 3329 1138 3381 exi-

54 3411 128 3462 guas,
147 3415 240 3470 nequa
268 3403 322 3452 iam
354 3421 369 3452 o
391 3403 485 3455 inione
513 3419 590 3455 suns
612 3401 751 3455 lentiorem
772 3401 828 3453 illis
847 3399 999 3466 addebant,
1017 3399 1066 3452 sed
1089 3417 1138 3452 vc-

53 3473 149 3520 tustom
171 3470 292 3523 residens
308 3421 471 3526 desilierium
487 3421 677 3542 percutiebat,
698 3473 784 3526 virum
802 3472 898 3542 ipsum,
918 3487 1002 3542 quum
1021 3487 1140 3541 appare-

56 3547 101 3601 ret,
120 3541 209 3594 solum
229 3544 334 3606 omnia,
353 3559 422 3613 quaa
441 3544 522 3595 saluti
541 3544 594 3596 sibi
615 3551 723 3608 essent,
740 3543 922 3614 perfecturum
941 3557 1009 3593 esse.
1045 3541 1140 3612 itaque

55 3610 207 3664 salutabant
217 3613 304 3676 illurn,
323 3622 351 3666 et
364 3613 593 3668 deosculabantur
605 3633 635 3667 os
653 3614 739 3679 illud,
759 3615 835 3666 cuius
852 3612 1009 3682 adspectum
1026 3622 1140 3681 exopta-

55 3691 159 3745 verant,
178 3689 209 3734 et
236 3683 336 3754 quibus
357 3686 453 3737 confisi
473 3694 550 3737 erant
567 3685 709 3748 manibus,
729 3686 758 3736 in
781 3685 816 3737 iis
844 3683 1030 3741 exsultabanta
1050 3686 1141 3750 rogia-

55 3747 116 3804 bant
133 3752 229 3806 laudes
247 3753 344 3818 varias,
362 3755 582 3808 vociferabantur
598 3757 684 3810 inulta
702 3755 737 3806 ad
748 3755 860 3822 gloriam
880 3753 939 3821 dei;
959 3753 1142 3806 exhortaban-

55 3822 106 3892 turi,
123 3831 155 3877 nt
180 3826 355 3889 transsiliret,
378 3827 401 3878 si
421 3827 479 3878 fieri
501 3835 601 3896 posset,
621 3829 720 3880 iratum
736 3825 886 3878 confestim.
904 3825 1020 3878 hominis
1038 3826 1142 3895 quippo

56 3892 183 3960 celeritas,
222 3895 277 3947 nod
293 3895 413 3949 habebat
431 3897 537 3966 insigne
558 3915 574 3950 a
592 3906 707 3962 natura,
725 3897 810 3960 illam,
829 3897 935 3967 opinor,
951 3897 1046 3948 miram
1064 3896 1142 3965 cupi-

56 3959 162 4016 ditatem
185 3913 325 4036 pierisqos
349 3967 497 4020 iniiciebat.
535 3977 618 4038 atque
641 3969 691 4020 ille
709 3967 824 4019 vicissim
843 3969 957 4036 gavisus,
974 3975 1007 4019 ut
1023 3982 1072 4036 par
1091 3973 1141 4029 est,

55 4032 241 4101 vehementer,
258 4046 286 4089 et
306 4046 446 4091 ostentans
462 4041 595 4092 nonnulla
619 4039 654 4091 ad
673 4054 770 4091 vanam
788 4037 829 4090 sui
856 4038 1055 4107 gloriationem,
1072 4053 1143 4090 non-

55 4102 119 4156 nihil
137 4109 221 4160 etiam
237 4108 397 4163 confirmans
408 4126 466 4174 eos,
485 4112 533 4181 qul
553 4112 582 4162 in
600 4127 630 4163 se
653 4110 830 4179 suspicerent,
849 4108 974 4162 manibus
991 4123 1077 4178 prope
1095 4123 1142 4176 ge·
1190 4149 1197 4163 .

55 4180 145 4242 satur,
162 4193 220 4232 non
238 4180 326 4234 solum
343 4179 379 4234 ab
390 4182 510 4250 Angelis,
529 4189 609 4251 gente
625 4181 675 4234 ills
687 4179 862 4252 imperatoria
879 4179 1096 4253 splendidissima
1114 4185 1143 4230 et
