2814 4898
347 371 402 444 Dll
429 377 563 444 mour.
592 377 757 444 BARDAE
786 383 822 446 F.
991 411 995 424 ·
1071 378 1120 451 39

41 526 253 614 ὅέμπροσθεν
284 527 411 614 φείγων
439 528 494 595 τὸν
524 525 626 594 ὀπίσω
655 531 693 594 οὖ
721 531 879 597 κατενόει·
919 531 1043 602 ἀκούων
1062 533 1126 620 γὰρ

41 628 90 693 τὸν
113 624 222 713 κρότον
243 632 305 693 τῶν
326 631 432 694 ποδοῖν
459 633 521 695 τοῖν
541 633 646 696 ἵππιον
668 627 771 714 ἔλεγεν
791 621 925 697 durinci
948 637 1012 700 ταῖν
1031 641 1125 700 πολι.

40 731 115 809 μίαν
138 728 385 814 καταδιώκουσι,
418 732 474 792 καί
505 729 564 804 ἕως
582 719 622 794 οὗ
650 728 667 792 ὁ
698 732 792 806 ἵππος
822 730 927 797 πεσών
955 732 1126 818 ἀπέθανεν,

42 830 92 892 ov'sr
112 829 261 913 είμενίδρ
289 827 418 906 ἕκαστος
445 832 504 892 τοῦ
535 828 673 913 φεύγειν.
715 828 822 895 λοιπὸν
843 831 879 894 δὲ
896 829 954 896 καί
970 830 999 896 οἱ
1023 838 1125 896 πλεῖοι

20 930 112 1014 incip*
131 926 258 1014 ἔφυγον,
278 931 340 993 τοῖν
360 931 464 994 ἳππων
484 930 519 993 ἐκ
541 931 597 1010 τῆς
618 932 803 1012 παραταγῆς
829 924 995 996 ἀδυνάτων
1015 924 1150 1004 bremun

39 1030 312 1111 λιμαγχονηθὲντες
332 1029 378 1111 δέ,
398 1027 453 1092 καί
470 1031 526 1091 τοῦ
546 1031 663 1110 δίψους
684 1031 835 1114 καέντων,
853 1023 959 1112 ὄλίγον
982 1028 1124 1114 α’περχό-

39 1151 121 1210 μενοι
143 1125 271 1192 ίπιπτον
290 1129 346 1192 καί
368 1128 583 1212 α’πέθνησκον·
632 1123 745 1204 πάντες
772 1126 834 1212 γὰρ
857 1125 897 1192 τοὶ
917 1121 1048 1214 ἅρματα
1069 1133 1126 1197 καί

40 1227 75 1292 τα’
94 1230 223 1310 λωρίκὶα
245 1225 385 1312 ἔρριψαν
406 1230 451 1304 εἰς
469 1225 526 1311 τὴν
547 1224 633 1292 ὁδόν.
676 1219 765 1292 ἄλλοι
786 1232 823 1292 δὲ
843 1229 1124 1314 καταφθανόμενοι

41 1329 181 1410 εἰσῆλθον
212 1327 258 1401 εἰς
286 1329 407 1410 κάστρα
429 1326 521 1407 τινα,
553 1321 683 1409 ὕστερον
712 1329 748 1390 δὲ
768 1327 1044 1412 παρακαθίσαντος
1063 1331 1124 1393 τοῦ

10 1423 219 1509 ιοΒουλγιίρου
243 1425 297 1489 καί
325 1423 566 1507 παραλαβόντος
596 1423 727 1503 πάντας.
770 1423 878 1492 λοιπὸν
903 1419 960 1490 οὖν
980 1424 1009 1491 οἱ
1030 1431 1126 1492 πολέ-

38 1548 98 1605 μιοι
126 1517 258 1590 ὄπισθεν
285 1523 435 1606 ἑούνοιγον
464 1522 503 1588 ed
537 1516 667 1608 ἅρματα
694 1528 755 1592 τῶν
778 1522 965 1611 φευγόντων.
1007 1529 1062 1591 καί
1081 1523 1131 1613 ‘ll

38 1623 89 1700 ἕως
108 1628 164 1707 τῆς
186 1623 307 1700 πόλεως
328 1623 384 1687 οὐκ
407 1621 544 1707 ἔστησαν
564 1621 744 1709 φεύγοντες.
793 1628 848 1690 καί
868 1625 1037 1708 φθοὶσοιςνοι
1061 1631 1122 1708 βα-

38 1723 134 1799 σιλευς
154 1725 302 1808 εἰσῆλθεν
321 1725 367 1797 εἰς
386 1725 440 1807 τὴν
460 1719 561 1805 πόλιν,
584 1725 640 1787 καί
657 1725 845 1809 η’σφοὶλοσεν,
867 1725 918 1787 ἵνα
936 1721 982 1808 μὴ
1005 1723 1023 1788 ὅ
1045 1723 1122 1802 λαός

38 1823 201 1902 palustris
220 1823 335 1909 ποιήσῃ
356 1821 460 1892 κακόν.
502 1819 531 1886 οῖ
553 1825 589 1887 tt
612 1819 794 1907 Bodtyaoot
812 1822 871 1898 ἕως
892 1825 1000 1908 ὀλίγον
1021 1823 1120 1889 τόπου

10 1920 275 1998 λδκοταιλιιόξαντες
303 1920 337 1985 τό
368 1921 479 1986 λοιπὸν
510 1917 591 2002 μετὰ
611 1922 746 1998 αἰνέσεως
766 1915 918 2006 ἤρχοντο·
959 1915 1119 2008 ἧσανγὰρ

39 2023 84 2083 καί
96 2021 189 2084 αὐτοί
211 2024 424 2095 κεκοπιακότες
444 2018 505 2082 α’πό
521 2022 577 2104 τῆς
595 2019 799 2108 παρατάξεως
819 2019 874 2084 καί
894 2019 925 2086 οἶ
948 2025 1038 2086 ἵπποι
1058 2024 1148 2090 ου’-0

38 2121 100 2200 τῶν,
121 2119 305 2202 συνάγοντές
328 2141 362 2182 τε
385 2115 424 2183 τοὶ
448 2117 540 2199 ὅπλα,
562 2116 604 2196 ὥς
626 2117 757 2205 εἴρηται,
779 2121 835 2184 κατ’
853 2118 893 2184 τιὶ
914 2120 1035 2204 κοὶστρα
1053 2147 1117 2185 πα-

39 2217 241 2304 ρακαθήμενοι
269 2216 349 2283 ἔνθα
377 2224 577 2305 προσέφυγον
607 2216 637 2284 οἱ
670 2218 866 2300 διωκόμενοι.
916 2220 971 2284 καί
990 2219 1008 2284 o‘
1027 2225 1119 2302 βασι.

40 2317 100 2392 isaie
129 2319 283 2384 εἰσελθών
314 2316 394 2400 persi
426 2318 526 2404 λύπης
553 2319 609 2384 καί
635 2321 804 2400 κλαυθμοῦ
837 2319 980 2404 ἀπῆλθεν
1001 2323 1046 2396 εἰς
1066 2319 1120 2385 τόν

11 2419 236 2503 λθπαιριιίρχην,
258 2418 314 2482 καί
332 2422 541 2503 συνεισῆλθον
562 2413 582 2484 ἶν’
593 2442 626 2486 τε
646 2417 819 2503 μοίγιστρος
837 2419 891 2482 καί
912 2415 929 2481 ὅ
947 2420 1046 2502 μέγας
1065 2423 1119 2482 do·

39 2519 170 2594 μίστικος
187 2521 244 2581 καί
264 2515 294 2581 οἱ
316 2520 423 2585 λοιποί
435 2517 605 2601 πατρίκιοι,
627 2520 683 2582 καί
701 2518 818 2582 κλαίων
838 2515 857 2580 o‘
876 2515 1028 2599 βασιλευς
1048 2515 1117 2582 ἔλε-

39 2636 80 2694 γεν
100 2611 149 2680 ὅτι
170 2613 296 2691 πάντας
319 2616 372 2680 διαὶ
386 2614 443 2692 τὰς
464 2616 622 2700 ἁμαρτίας
641 2641 704 2700 μου
728 2617 820 2682 τοῦτο
841 2613 959 2683 ἔπαθον
981 2613 1010 2680 οἱ
1026 2621 1116 2704 ΥΧρι-

95 2791 120 2844 4·
140 2788 192 2848 οὐκ
210 2789 246 2849 rte
264 2787 356 2866 μονὴν
374 2791 418 2867 trip
439 2791 572 2846 Combeiis

40 2985 109 3036 quare
126 2970 224 3024 solutis
242 2988 373 3042 equorum
398 2969 513 3024 habenis
530 2977 602 3024 retro
630 2966 812 3023 sectabantur.
849 2969 960 3023 Romani
981 2967 1116 3038 fugientes

40 3038 138 3092 invicem
156 3059 185 3094 se
203 3041 388 3112 proterebant,
406 3045 446 3096 its
465 3051 496 3095 ut
514 3043 560 3114 qui
573 3040 754 3111 praecedebat
770 3041 887 3110 fugiens,
906 3051 976 3093 retro
995 3041 1115 3110 positum

39 3124 84 3162 non
102 3113 269 3166 attenderet:
295 3114 387 3168 audito
413 3113 480 3186 quip
502 3130 517 3164 e
541 3111 642 3183 pedum
670 3129 800 3182 equorum
823 3114 904 3182 pulsu
931 3110 1037 3163 dicebat
1061 3119 1116 3162 “en

40 3187 63 3230 ut
80 3182 110 3232 ab
126 3183 252 3237 hostibus
270 3183 407 3254 sugatur3''
427 3194 455 3246 et
473 3133 560 3236 donec
579 3182 709 3235 decidens
727 3184 757 3236 in
775 3192 872 3234 terram
891 3199 976 3254 equus
995 3197 1115 3232 morere-

39 3255 81 3314 tur,
99 3269 113 3304 a
130 3255 210 3324 fugae
229 3273 306 3308 cursu
331 3257 376 3308 vix
394 3255 466 3307 ullus
484 3255 536 3306 sibi
558 3253 734 3324 temperabat.
772 3251 870 3306 exinde
887 3254 979 3323 plures
997 3251 1114 3321 pedibus

41 3323 139 3376 salutem
155 3327 333 3398 quaerebant,
353 3327 431 3398 equis
449 3327 575 3377 nimirum
602 3343 634 3376 ex
652 3325 734 3393 longa
752 3326 868 3376 statione
886 3325 915 3374 in
935 3325 991 3374 acie
1009 3322 1113 3374 viribus

40 3388 145 3447 delectis.
180 3399 253 3450 same
278 3405 368 3450 autem
400 3405 427 3450 et
444 3397 489 3450 siti
515 3397 666 3465 consumpti
696 3396 798 3464 plures,
816 3410 876 3445 cum
894 3393 1029 3445 modicum
1047 3410 1113 3463 pro·

39 3467 180 3533 cessissent,
202 3469 231 3520 in
249 3477 347 3520 terram
373 3469 445 3538 lapsi
463 3469 579 3521 animam
604 3465 740 3518 efflabant.
780 3465 872 3516 nullus
904 3465 957 3516 fuit
974 3466 1021 3534 qui
1039 3479 1112 3514 erma

39 3530 170 3608 loricasque
201 3557 251 3608 per
276 3541 347 3594 viam
366 3556 421 3591 uon
439 3540 593 3609 proliceret.
632 3538 681 3588 alii
703 3534 803 3606 oppida
821 3535 955 3606 quaedam
974 3549 1111 3602 occupen-

39 3607 82 3667 λιι,
106 3625 121 3658 s
147 3609 267 3678 bulgaris
286 3609 457 3679 postmodum
487 3609 591 3661 obsessi
619 3609 746 3678 captique
771 3609 801 3658 iu
817 3609 972 3659 servitutem
999 3603 1110 3656 abducti

39 3683 95 3726 slul·
126 3677 217 3732 hostes
236 3699 316 3750 porro
335 3689 406 3734 retro
424 3681 585 3749 fugientium
602 3695 742 3738 armenon
760 3677 867 3746 impigri
884 3679 1036 3744 collegere:
1056 3691 1110 3726 no·

38 3746 75 3794 stri
91 3765 149 3801 vero
169 3751 257 3803 eloneo
275 3751 310 3802 ad
326 3751 420 3804 urbem
438 3753 618 3821 appellerent,
638 3751 699 3817 luga
712 3765 818 3818 semper
838 3749 880 3798 usi
900 3757 971 3799 sunt.
1009 3745 1044 3797 sd
1065 3760 1111 3796 ur·

38 3809 85 3866 lem
103 3837 211 3893 quoque
243 3823 401 3893 perveniens
428 3822 575 3892 imperator
601 3823 736 3888 ingressus
761 3828 811 3882 est,
835 3827 863 3870 et
882 3827 972 3889 portas
993 3815 1109 3868 civitatis

38 3887 146 3956 occlusit,
171 3909 208 3943 ne
230 3893 304 3946 fusus
325 3894 459 3945 exercitus
484 3890 598 3963 aliquod
627 3891 727 3942 malum
748 3891 898 3941 moliretur.
935 3888 1041 3956 Bulgari
1060 3902 1110 3955 pe!

38 3960 135 4020 spatium
164 3962 279 4032 aliquod
309 3963 443 4033 fugientes
468 3963 603 4026 insectati,
633 3970 741 4031 captata
759 3960 887 4029 deinceps
906 3958 1110 4030 opportunitate

36 4030 264 4093 progrediebantur.
302 4043 380 4086 eraut
399 4031 472 4086 enim
500 4036 602 4103 pariter
627 4034 708 4100 longa
729 4033 845 4084 statione
862 4031 977 4099 fatigati,
997 4037 1025 4081 et
1045 4026 1111 4100 equi

37 4090 133 4164 debiles,
152 4105 298 4176 armisque,
317 4114 348 4158 ut
360 4105 461 4157 dictum
476 4113 526 4168 est,
544 4104 665 4158 collectis
678 4103 797 4169 onerati;
817 4109 846 4153 et
865 4102 974 4172 oppida,
992 4101 1021 4152 in
1040 4113 1110 4170 quae

36 4168 191 4237 profugerant
203 4177 298 4238 nostri,
318 4176 489 4228 obsidebant.
525 4177 670 4245 imperator
687 4173 794 4228 demum
814 4189 874 4224 cum
892 4187 1011 4226 maerore
1030 4170 1111 4221 lietu-

36 4248 78 4303 ‘lus
94 4242 222 4300 civitatem
243 4248 379 4316 ingressus
400 4246 579 4322 patriarcham
602 4243 678 4300 adiit.
723 4243 920 4298 comitabantur
937 4245 1063 4311 magister
1081 4247 1110 4292 et
