<?xml version="1.0" encoding="UTF-8"?>
<!DOCTYPE html PUBLIC "-//W3C//DTD XHTML 1.0 Transitional//EN"
    "http://www.w3.org/TR/xhtml1/DTD/xhtml1-transitional.dtd">
<html xmlns="http://www.w3.org/1999/xhtml" xml:lang="en" lang="en">
 <head>
  <title>
</title>
<meta http-equiv="Content-Type" content="text/html;charset=utf-8" />
  <meta name='ocr-system' content='tesseract 3.04.00' />
  <meta name='ocr-capabilities' content='ocr_page ocr_carea ocr_par ocr_line ocrx_word'/>
</head>
<body>
  <div class='ocr_page' id='page_1' title='image "./chronographia01eustgoog_0488.png"; bbox 0 0 2892 4904; ppageno 0'>
   <div class='ocr_carea' id='block_1_1' title="bbox 541 229 553 260">
    <p class='ocr_par' dir='ltr' id='par_1_1' title="bbox 541 229 553 260">
     <span class='ocr_line' id='line_1_1' title="bbox 541 229 553 260; baseline 0 0"><span class='ocrx_word' id='word_1_1' title='bbox 541 229 553 260; x_wconf 83' lang='grc' dir='ltr'><strong><em>Ι</em></strong></span> 
     </span>
    </p>
   </div>
   <div class='ocr_carea' id='block_1_2' title="bbox 195 325 1129 403">
    <p class='ocr_par' dir='ltr' id='par_1_2' title="bbox 195 325 1129 403">
     <span class='ocr_line' id='line_1_2' title="bbox 195 325 1129 403; baseline 0.004 -4"><span class='ocrx_word' id='word_1_2' title='bbox 195 339 250 399; x_wconf 83' lang='lat' dir='ltr'>na</span> <span class='ocrx_word' id='word_1_3' title='bbox 267 333 572 400; x_wconf 75' lang='lat' dir='ltr'>aumsaaonrca</span> <span class='ocrx_word' id='word_1_4' title='bbox 597 337 801 400; x_wconf 72' lang='lat' dir='ltr'>taurinis</span> <span class='ocrx_word' id='word_1_5' title='bbox 821 335 965 400; x_wconf 77' lang='lat' dir='ltr'>caena.</span> <span class='ocrx_word' id='word_1_6' title='bbox 1056 325 1129 403; x_wconf 73' lang='lat'>485</span> 
     </span>
    </p>
   </div>
   <div class='ocr_carea' id='block_1_3' title="bbox 18 483 1200 2697">
    <p class='ocr_par' dir='ltr' id='par_1_3' title="bbox 47 483 1194 872">
     <span class='ocr_line' id='line_1_3' title="bbox 121 483 1194 572; baseline -0.003 -20"><span class='ocrx_word' id='word_1_7' title='bbox 121 487 205 552; x_wconf 68' lang='lat' dir='ltr'>&#39;Ati&#39;</span> <span class='ocrx_word' id='word_1_8' title='bbox 220 486 380 550; x_wconf 83' lang='grc' dir='ltr'><strong><em>ἐπανιτέον</em></strong></span> <span class='ocrx_word' id='word_1_9' title='bbox 401 483 496 549; x_wconf 88' lang='grc' dir='ltr'><strong><em>πάλιν</em></strong></span> <span class='ocrx_word' id='word_1_10' title='bbox 528 488 562 549; x_wconf 87' lang='grc' dir='ltr'>ἐκ</span> <span class='ocrx_word' id='word_1_11' title='bbox 591 485 653 550; x_wconf 78' lang='grc' dir='ltr'><strong><em>τάν</em></strong></span> <span class='ocrx_word' id='word_1_12' title='bbox 673 487 732 550; x_wconf 76' lang='grc' dir='ltr'><strong><em>τοῦ</em></strong></span> <span class='ocrx_word' id='word_1_13' title='bbox 758 485 890 569; x_wconf 85' lang='grc' dir='ltr'><strong><em>κόμητος</em></strong></span> <span class='ocrx_word' id='word_1_14' title='bbox 912 487 968 550; x_wconf 87' lang='grc' dir='ltr'>ἐπί</span> <span class='ocrx_word' id='word_1_15' title='bbox 989 485 1028 550; x_wconf 76' lang='grc' dir='ltr'><strong><em>τά</em></strong></span> <span class='ocrx_word' id='word_1_16' title='bbox 1051 485 1194 572; x_wconf 74' lang='lat' dir='ltr'>nod-300</span> 
     </span>
     <span class='ocr_line' id='line_1_4' title="bbox 49 582 1135 672; baseline 0.003 -23"><span class='ocrx_word' id='word_1_17' title='bbox 49 607 142 667; x_wconf 88' lang='grc' dir='ltr'><strong><em>τερον,</em></strong></span> <span class='ocrx_word' id='word_1_18' title='bbox 163 585 238 670; x_wconf 77' lang='grc' dir='ltr'><strong><em>διχῇ</em></strong></span> <span class='ocrx_word' id='word_1_19' title='bbox 257 587 455 670; x_wconf 72' lang='grc' dir='ltr'><em>διῃρημένων</em></span> <span class='ocrx_word' id='word_1_20' title='bbox 475 587 538 648; x_wconf 71' lang='grc' dir='ltr'><strong><em>τοῖν</em></strong></span> <span class='ocrx_word' id='word_1_21' title='bbox 558 584 639 649; x_wconf 78' lang='grc' dir='ltr'><strong><em>κατὰ</em></strong></span> <span class='ocrx_word' id='word_1_22' title='bbox 653 588 723 666; x_wconf 87' lang='grc' dir='ltr'><strong><em>βίον</em></strong></span> <span class='ocrx_word' id='word_1_23' title='bbox 744 582 789 658; x_wconf 83' lang='grc' dir='ltr'>εἴς</span> <span class='ocrx_word' id='word_1_24' title='bbox 801 607 834 650; x_wconf 88' lang='grc' dir='ltr'>τε</span> <span class='ocrx_word' id='word_1_25' title='bbox 856 584 895 648; x_wconf 86' lang='grc' dir='ltr'><strong><em>τά</em></strong></span> <span class='ocrx_word' id='word_1_26' title='bbox 916 587 992 650; x_wconf 82' lang='grc' dir='ltr'><strong><em>καθ’</em></strong></span> <span class='ocrx_word' id='word_1_27' title='bbox 1012 586 1135 672; x_wconf 76' lang='grc' dir='ltr'><strong><em>ἡμέραν</em></strong></span> 
     </span>
     <span class='ocr_line' id='line_1_5' title="bbox 48 680 1135 769; baseline 0.006 -25"><span class='ocrx_word' id='word_1_28' title='bbox 48 683 97 748; x_wconf 86' lang='grc' dir='ltr'>καί</span> <span class='ocrx_word' id='word_1_29' title='bbox 114 682 152 746; x_wconf 85' lang='grc' dir='ltr'><strong><em>τά</em></strong></span> <span class='ocrx_word' id='word_1_30' title='bbox 174 683 317 764; x_wconf 61' lang='lat' dir='ltr'>adanon.</span> <span class='ocrx_word' id='word_1_31' title='bbox 369 680 403 748; x_wconf 82' lang='grc' dir='ltr'>αἱ</span> <span class='ocrx_word' id='word_1_32' title='bbox 424 685 484 764; x_wconf 83' lang='grc' dir='ltr'>μὲν</span> <span class='ocrx_word' id='word_1_33' title='bbox 512 684 629 767; x_wconf 75' lang='grc' dir='ltr'><strong><em>ἡμέραν</em></strong></span> <span class='ocrx_word' id='word_1_34' title='bbox 660 684 736 767; x_wconf 75' lang='grc' dir='ltr'><strong><em>ἡμῖν</em></strong></span> <span class='ocrx_word' id='word_1_35' title='bbox 766 685 941 766; x_wconf 75' lang='grc' dir='ltr'><strong><em>ἐψεύδοντο</em></strong></span> <span class='ocrx_word' id='word_1_36' title='bbox 962 681 996 750; x_wconf 89' lang='grc' dir='ltr'><strong><em>τδ</em></strong></span> <span class='ocrx_word' id='word_1_37' title='bbox 1017 681 1135 769; x_wconf 72' lang='grc' dir='ltr'><strong><em>ἥμερον</em></strong></span> 
     </span>
     <span class='ocr_line' id='line_1_6' title="bbox 47 779 1133 872; baseline 0 -27"><span class='ocrx_word' id='word_1_38' title='bbox 47 783 94 846; x_wconf 82' lang='grc' dir='ltr'>διά</span> <span class='ocrx_word' id='word_1_39' title='bbox 117 779 170 866; x_wconf 76' lang='grc' dir='ltr'><strong><em>τὴν</em></strong></span> <span class='ocrx_word' id='word_1_40' title='bbox 190 784 306 872; x_wconf 76' lang='grc' dir='ltr'><strong><em>ἐντοῖς</em></strong></span> <span class='ocrx_word' id='word_1_41' title='bbox 331 785 486 857; x_wconf 77' lang='grc' dir='ltr'>Λατίνοις</span> <span class='ocrx_word' id='word_1_42' title='bbox 515 782 686 866; x_wconf 71' lang='grc' dir='ltr'><em>ἀγριότητα</em></span> <span class='ocrx_word' id='word_1_43' title='bbox 717 780 775 866; x_wconf 75' lang='grc' dir='ltr'><strong><em>τὴν</em></strong></span> <span class='ocrx_word' id='word_1_44' title='bbox 796 782 949 867; x_wconf 75' lang='grc' dir='ltr'><em>ἀμυδρῶς</em></span> <span class='ocrx_word' id='word_1_45' title='bbox 971 783 1133 870; x_wconf 82' lang='grc' dir='ltr'><strong><em>δπυλαλη.</em></strong></span> 
     </span>
    </p>

    <p class='ocr_par' dir='ltr' id='par_1_4' title="bbox 18 877 1200 2658">
     <span class='ocr_line' id='line_1_7' title="bbox 24 877 1174 967; baseline 0.003 -21"><span class='ocrx_word' id='word_1_46' title='bbox 24 887 169 962; x_wconf 72' lang='grc' dir='ltr'><strong><em>σθεῖσαν,</em></strong></span> <span class='ocrx_word' id='word_1_47' title='bbox 203 880 299 965; x_wconf 66' lang='lat' dir='ltr'>ota»)</span> <span class='ocrx_word' id='word_1_48' title='bbox 333 879 481 965; x_wconf 85' lang='grc' dir='ltr'><strong><em>χωρητδν</em></strong></span> <span class='ocrx_word' id='word_1_49' title='bbox 512 883 620 958; x_wconf 83' lang='grc' dir='ltr'><strong><em>αδτοῖς</em></strong></span> <span class='ocrx_word' id='word_1_50' title='bbox 649 886 706 947; x_wconf 86' lang='grc' dir='ltr'>καί</span> <span class='ocrx_word' id='word_1_51' title='bbox 732 881 808 967; x_wconf 73' lang='grc' dir='ltr'><strong><em>η’μῖν</em></strong></span> <span class='ocrx_word' id='word_1_52' title='bbox 837 880 893 946; x_wconf 82' lang='grc' dir='ltr'><strong><em>τὸν</em></strong></span> <span class='ocrx_word' id='word_1_53' title='bbox 913 882 1030 965; x_wconf 83' lang='grc' dir='ltr'><strong><em>κόσμον</em></strong></span> <span class='ocrx_word' id='word_1_54' title='bbox 1050 877 1134 950; x_wconf 83' lang='grc' dir='ltr'><strong><em>εἶναι</em></strong></span> <span class='ocrx_word' id='word_1_55' title='bbox 1170 921 1174 941; x_wconf 72' lang='grc' dir='ltr'><strong><em>ι</em></strong></span> 
     </span>
     <span class='ocr_line' id='line_1_8' title="bbox 44 976 1134 1064; baseline 0.006 -22"><span class='ocrx_word' id='word_1_56' title='bbox 44 983 194 1062; x_wconf 85' lang='grc' dir='ltr'><strong><em>κρίνουσι·</em></strong></span> <span class='ocrx_word' id='word_1_57' title='bbox 247 984 461 1055; x_wconf 79' lang='grc' dir='ltr'><strong><em>συναντῶντες</em></strong></span> <span class='ocrx_word' id='word_1_58' title='bbox 490 983 566 1064; x_wconf 77' lang='grc' dir='ltr'><strong><em>γοῦν</em></strong></span> <span class='ocrx_word' id='word_1_59' title='bbox 599 987 797 1064; x_wconf 83' lang='grc' dir='ltr'><strong><em>κατέπινον,</em></strong></span> <span class='ocrx_word' id='word_1_60' title='bbox 819 976 927 1047; x_wconf 76' lang='grc' dir='ltr'><strong><em>ὤθουν</em></strong></span> <span class='ocrx_word' id='word_1_61' title='bbox 934 1031 943 1064; x_wconf 90' lang='grc'><strong><em>,</em></strong></span> <span class='ocrx_word' id='word_1_62' title='bbox 966 986 1134 1064; x_wconf 85' lang='grc' dir='ltr'><strong><em>ἐσκέλιζον,</em></strong></span> 
     </span>
     <span class='ocr_line' id='line_1_9' title="bbox 44 1074 1130 1172; baseline 0.004 -30"><span class='ocrx_word' id='word_1_63' title='bbox 44 1086 226 1163; x_wconf 78' lang='grc' dir='ltr'><strong><em>κατέβρεχον</em></strong></span> <span class='ocrx_word' id='word_1_64' title='bbox 260 1074 379 1164; x_wconf 83' lang='grc' dir='ltr'><strong><em>δβρεις.</em></strong></span> <span class='ocrx_word' id='word_1_65' title='bbox 429 1079 549 1164; x_wconf 79' lang='grc' dir='ltr'><strong><em>συχνόν</em></strong></span> <span class='ocrx_word' id='word_1_66' title='bbox 588 1075 628 1165; x_wconf 76' lang='grc' dir='ltr'>ἦν</span> <span class='ocrx_word' id='word_1_67' title='bbox 658 1083 769 1158; x_wconf 78' lang='grc' dir='ltr'><strong><em>αδτοῖς</em></strong></span> <span class='ocrx_word' id='word_1_68' title='bbox 798 1079 842 1158; x_wconf 72' lang='grc' dir='ltr'>οἷς</span> <span class='ocrx_word' id='word_1_69' title='bbox 869 1085 914 1158; x_wconf 81' lang='grc' dir='ltr'>εἷς</span> <span class='ocrx_word' id='word_1_70' title='bbox 941 1081 1064 1172; x_wconf 84' lang='grc' dir='ltr'><strong><em>ἐπηιδὸν</em></strong></span> <span class='ocrx_word' id='word_1_71' title='bbox 1095 1083 1130 1148; x_wconf 89' lang='grc' dir='ltr'><strong><em>τδ</em></strong></span> 
     </span>
     <span class='ocr_line' id='line_1_10' title="bbox 44 1174 1200 1269; baseline -0.001 -27"><span class='ocrx_word' id='word_1_72' title='bbox 44 1183 141 1264; x_wconf 62' lang='grc' dir='ltr'>ιιἐλθέ,</span> <span class='ocrx_word' id='word_1_73' title='bbox 164 1181 423 1265; x_wconf 83' lang='grc' dir='ltr'><strong><em>Καλοῖωάννης.”</em></strong></span> <span class='ocrx_word' id='word_1_74' title='bbox 462 1179 587 1266; x_wconf 78' lang='grc' dir='ltr'><strong><em>μυκτὴρ</em></strong></span> <span class='ocrx_word' id='word_1_75' title='bbox 610 1174 700 1256; x_wconf 77' lang='grc' dir='ltr'><strong><em>οὗτος</em></strong></span> <span class='ocrx_word' id='word_1_76' title='bbox 722 1179 765 1254; x_wconf 76' lang='grc' dir='ltr'>ὥς</span> <span class='ocrx_word' id='word_1_77' title='bbox 782 1181 870 1264; x_wconf 70' lang='grc' dir='ltr'><strong><em>η’μιδν</em></strong></span> <span class='ocrx_word' id='word_1_78' title='bbox 891 1184 925 1246; x_wconf 86' lang='grc' dir='ltr'>ἐν</span> <span class='ocrx_word' id='word_1_79' title='bbox 946 1184 987 1269; x_wconf 80' lang='grc' dir='ltr'><strong><em>τῇ</em></strong></span> <span class='ocrx_word' id='word_1_80' title='bbox 1005 1188 1133 1267; x_wconf 89' lang='grc' dir='ltr'><strong><em>πολιαρ.</em></strong></span> <span class='ocrx_word' id='word_1_81' title='bbox 1197 1197 1200 1204; x_wconf 86' lang='grc'>·</span> 
     </span>
     <span class='ocr_line' id='line_1_11' title="bbox 43 1275 1133 1368; baseline 0.007 -28"><span class='ocrx_word' id='word_1_82' title='bbox 43 1283 88 1368; x_wconf 81' lang='grc' dir='ltr'><strong><em>κίρι</em></strong></span> <span class='ocrx_word' id='word_1_83' title='bbox 111 1284 337 1362; x_wconf 82' lang='grc' dir='ltr'><strong><em>γαυρουμένων</em></strong></span> <span class='ocrx_word' id='word_1_84' title='bbox 365 1279 480 1364; x_wconf 76' lang='grc' dir='ltr'><strong><em>μικρὸν</em></strong></span> <span class='ocrx_word' id='word_1_85' title='bbox 513 1275 587 1345; x_wconf 81' lang='grc' dir='ltr'><strong><em>ὅσον</em></strong></span> <span class='ocrx_word' id='word_1_86' title='bbox 619 1280 674 1346; x_wconf 84' lang='grc' dir='ltr'><strong><em>τὸν</em></strong></span> <span class='ocrx_word' id='word_1_87' title='bbox 696 1285 830 1363; x_wconf 78' lang='grc' dir='ltr'><strong><em>βασιλέα</em></strong></span> <span class='ocrx_word' id='word_1_88' title='bbox 858 1277 1003 1365; x_wconf 79' lang='grc' dir='ltr'><strong><em>Ἰωάννην</em></strong></span> <span class='ocrx_word' id='word_1_89' title='bbox 1026 1285 1133 1348; x_wconf 90' lang='grc' dir='ltr'><strong><em>ἐλθεῖν</em></strong></span> 
     </span>
     <span class='ocr_line' id='line_1_12' title="bbox 20 1375 1133 1468; baseline 0.005 -28"><span class='ocrx_word' id='word_1_90' title='bbox 20 1375 111 1462; x_wconf 73' lang='grc' dir='ltr'><strong><em>θημῖν</em></strong></span> <span class='ocrx_word' id='word_1_91' title='bbox 134 1382 311 1461; x_wconf 86' lang='grc' dir='ltr'><strong><em>ἐπίκουρον.</em></strong></span> <span class='ocrx_word' id='word_1_92' title='bbox 362 1382 393 1446; x_wconf 87' lang='grc' dir='ltr'>εί</span> <span class='ocrx_word' id='word_1_93' title='bbox 419 1383 454 1442; x_wconf 83' lang='grc' dir='ltr'>δὲ</span> <span class='ocrx_word' id='word_1_94' title='bbox 483 1404 530 1456; x_wconf 89' lang='grc' dir='ltr'><strong><em>τις</em></strong></span> <span class='ocrx_word' id='word_1_95' title='bbox 565 1383 628 1445; x_wconf 80' lang='grc' dir='ltr'><strong><em>τῶν</em></strong></span> <span class='ocrx_word' id='word_1_96' title='bbox 657 1382 932 1464; x_wconf 78' lang='grc' dir='ltr'><strong><em>συναιχμαλάτων</em></strong></span> <span class='ocrx_word' id='word_1_97' title='bbox 965 1384 1045 1468; x_wconf 77' lang='grc' dir='ltr'><strong><em>πεζῇ</em></strong></span> <span class='ocrx_word' id='word_1_98' title='bbox 1074 1380 1133 1466; x_wconf 73' lang='grc' dir='ltr'><strong><em>την</em></strong></span> 
     </span>
     <span class='ocr_line' id='line_1_13' title="bbox 40 1477 1133 1564; baseline 0.003 -23"><span class='ocrx_word' id='word_1_99' title='bbox 40 1478 199 1564; x_wconf 81' lang='grc' dir='ltr'><strong><em>λεωφόρον</em></strong></span> <span class='ocrx_word' id='word_1_100' title='bbox 231 1482 335 1559; x_wconf 85' lang='grc' dir='ltr'><strong><em>τρίβον</em></strong></span> <span class='ocrx_word' id='word_1_101' title='bbox 365 1479 424 1561; x_wconf 79' lang='grc' dir='ltr'><strong><em>(τίς</em></strong></span> <span class='ocrx_word' id='word_1_102' title='bbox 454 1481 489 1543; x_wconf 84' lang='grc' dir='ltr'>δὲ</span> <span class='ocrx_word' id='word_1_103' title='bbox 513 1481 554 1542; x_wconf 86' lang='grc' dir='ltr'>ου’</span> <span class='ocrx_word' id='word_1_104' title='bbox 580 1483 721 1556; x_wconf 82' lang='grc' dir='ltr'><strong><em>τοιοῦτος</em></strong></span> <span class='ocrx_word' id='word_1_105' title='bbox 750 1481 845 1561; x_wconf 83' lang='grc' dir='ltr'><strong><em>τάτε;</em></strong></span> <span class='ocrx_word' id='word_1_106' title='bbox 878 1477 932 1546; x_wconf 76' lang='grc' dir='ltr'>ὅτε</span> <span class='ocrx_word' id='word_1_107' title='bbox 966 1480 1022 1544; x_wconf 81' lang='grc' dir='ltr'>καί</span> <span class='ocrx_word' id='word_1_108' title='bbox 1042 1480 1133 1563; x_wconf 75' lang='grc' dir='ltr'><strong><em>ἡμεῖς</em></strong></span> 
     </span>
     <span class='ocr_line' id='line_1_14' title="bbox 40 1575 1132 1667; baseline -0.002 -25"><span class='ocrx_word' id='word_1_109' title='bbox 40 1579 218 1660; x_wconf 73' lang='grc' dir='ltr'><strong><em>ἐπάσχομεν</em></strong></span> <span class='ocrx_word' id='word_1_110' title='bbox 239 1575 330 1664; x_wconf 75' lang='grc' dir='ltr'><strong><em>οὕτω,</em></strong></span> <span class='ocrx_word' id='word_1_111' title='bbox 350 1581 518 1644; x_wconf 75' lang='grc' dir='ltr'><strong><em>κατάκοποι</em></strong></span> <span class='ocrx_word' id='word_1_112' title='bbox 539 1582 593 1644; x_wconf 89' lang='grc' dir='ltr'>καί</span> <span class='ocrx_word' id='word_1_113' title='bbox 619 1578 659 1642; x_wconf 83' lang='grc' dir='ltr'><strong><em>τά</em></strong></span> <span class='ocrx_word' id='word_1_114' title='bbox 681 1580 775 1663; x_wconf 89' lang='grc' dir='ltr'><strong><em>σκέλη</em></strong></span> <span class='ocrx_word' id='word_1_115' title='bbox 797 1579 982 1667; x_wconf 76' lang='grc' dir='ltr'><strong><em>παράφορον</em></strong></span> <span class='ocrx_word' id='word_1_116' title='bbox 1005 1579 1060 1644; x_wconf 86' lang='grc' dir='ltr'><strong><em>καί</em></strong></span> <span class='ocrx_word' id='word_1_117' title='bbox 1078 1603 1132 1645; x_wconf 88' lang='grc' dir='ltr'>τε.</span> 
     </span>
     <span class='ocr_line' id='line_1_15' title="bbox 37 1676 1132 1764; baseline 0.002 -23"><span class='ocrx_word' id='word_1_118' title='bbox 37 1683 223 1761; x_wconf 79' lang='grc' dir='ltr'><strong><em>ταραγμένσι</em></strong></span> <span class='ocrx_word' id='word_1_119' title='bbox 247 1681 303 1742; x_wconf 85' lang='grc' dir='ltr'>καί</span> <span class='ocrx_word' id='word_1_120' title='bbox 321 1683 545 1758; x_wconf 77' lang='grc' dir='ltr'><strong><em>σεσαλευμένον</em></strong></span> <span class='ocrx_word' id='word_1_121' title='bbox 572 1677 650 1743; x_wconf 82' lang='grc' dir='ltr'><strong><em>κατά</em></strong></span> <span class='ocrx_word' id='word_1_122' title='bbox 672 1677 881 1764; x_wconf 75' lang='grc' dir='ltr'><strong><em>μεθύοντας),</em></strong></span> <span class='ocrx_word' id='word_1_123' title='bbox 902 1682 932 1744; x_wconf 83' lang='grc' dir='ltr'>εἰ</span> <span class='ocrx_word' id='word_1_124' title='bbox 950 1685 1056 1746; x_wconf 79' lang='grc' dir='ltr'><strong><em>τοίνυν</em></strong></span> <span class='ocrx_word' id='word_1_125' title='bbox 1078 1676 1132 1743; x_wconf 82' lang='grc' dir='ltr'>οδ-</span> 
     </span>
     <span class='ocr_line' id='line_1_16' title="bbox 36 1775 1129 1864; baseline 0.002 -24"><span class='ocrx_word' id='word_1_126' title='bbox 36 1803 74 1841; x_wconf 89' lang='grc' dir='ltr'><strong><em>τω</em></strong></span> <span class='ocrx_word' id='word_1_127' title='bbox 97 1801 144 1852; x_wconf 87' lang='grc' dir='ltr'><strong><em>τις</em></strong></span> <span class='ocrx_word' id='word_1_128' title='bbox 169 1777 245 1860; x_wconf 81' lang='grc' dir='ltr'><strong><em>περὶ</em></strong></span> <span class='ocrx_word' id='word_1_129' title='bbox 264 1776 424 1842; x_wconf 81' lang='grc' dir='ltr'><strong><em>στενωπὸν</em></strong></span> <span class='ocrx_word' id='word_1_130' title='bbox 445 1778 550 1843; x_wconf 78' lang='grc' dir='ltr'><strong><em>ὁδεάοι</em></strong></span> <span class='ocrx_word' id='word_1_131' title='bbox 574 1781 628 1842; x_wconf 86' lang='grc' dir='ltr'>καί</span> <span class='ocrx_word' id='word_1_132' title='bbox 646 1775 889 1860; x_wconf 81' lang='grc' dir='ltr'><strong><em>τάχοιΛατῖνον</em></strong></span> <span class='ocrx_word' id='word_1_133' title='bbox 909 1783 1129 1864; x_wconf 74' lang='grc' dir='ltr'><strong><em>παρέρχεσθαι</em></strong></span> 
     </span>
     <span class='ocr_line' id='line_1_17' title="bbox 19 1871 1129 1964; baseline 0.005 -24"><span class='ocrx_word' id='word_1_134' title='bbox 19 1873 181 1960; x_wconf 68' lang='grc' dir='ltr'><strong><em>εὲφιππσν,</em></strong></span> <span class='ocrx_word' id='word_1_135' title='bbox 208 1879 265 1939; x_wconf 82' lang='grc' dir='ltr'>οδκ</span> <span class='ocrx_word' id='word_1_136' title='bbox 286 1871 325 1942; x_wconf 83' lang='grc' dir='ltr'>άν</span> <span class='ocrx_word' id='word_1_137' title='bbox 345 1881 460 1952; x_wconf 88' lang='grc' dir='ltr'><strong><em>ἐκεῖνος</em></strong></span> <span class='ocrx_word' id='word_1_138' title='bbox 481 1882 625 1964; x_wconf 82' lang='grc' dir='ltr'><strong><em>φείσαιτο</em></strong></span> <span class='ocrx_word' id='word_1_139' title='bbox 644 1882 863 1963; x_wconf 78' lang='grc' dir='ltr'><strong><em>καταπατῆσαι</em></strong></span> <span class='ocrx_word' id='word_1_140' title='bbox 883 1879 938 1944; x_wconf 83' lang='grc' dir='ltr'>καί</span> <span class='ocrx_word' id='word_1_141' title='bbox 956 1871 1129 1963; x_wconf 79' lang='grc' dir='ltr'><strong><em>συντρῖψαι</em></strong></span> 
     </span>
     <span class='ocr_line' id='line_1_18' title="bbox 35 1968 1130 2063; baseline 0.004 -25"><span class='ocrx_word' id='word_1_142' title='bbox 35 1975 85 2038; x_wconf 84' lang='grc' dir='ltr'><strong><em>τὸν</em></strong></span> <span class='ocrx_word' id='word_1_143' title='bbox 106 1968 287 2058; x_wconf 84' lang='grc' dir='ltr'><strong><em>άνθρωπον,</em></strong></span> <span class='ocrx_word' id='word_1_144' title='bbox 312 1981 480 2060; x_wconf 80' lang='grc' dir='ltr'><strong><em>κεντρίζων</em></strong></span> <span class='ocrx_word' id='word_1_145' title='bbox 502 1978 557 2042; x_wconf 85' lang='grc' dir='ltr'><strong><em>τὸν</em></strong></span> <span class='ocrx_word' id='word_1_146' title='bbox 589 1982 685 2042; x_wconf 80' lang='grc' dir='ltr'><strong><em>ἵππον</em></strong></span> <span class='ocrx_word' id='word_1_147' title='bbox 705 1980 751 2054; x_wconf 82' lang='grc' dir='ltr'><strong><em>τίς</em></strong></span> <span class='ocrx_word' id='word_1_148' title='bbox 775 1982 1025 2063; x_wconf 89' lang='grc' dir='ltr'><strong><em>κατασκίρτημα.</em></strong></span> <span class='ocrx_word' id='word_1_149' title='bbox 1070 1974 1130 2042; x_wconf 69' lang='lat' dir='ltr'>oel-</span> 
     </span>
     <span class='ocr_line' id='line_1_19' title="bbox 34 2071 1130 2170; baseline 0.005 -32"><span class='ocrx_word' id='word_1_150' title='bbox 34 2101 88 2150; x_wconf 88' lang='grc' dir='ltr'>τως</span> <span class='ocrx_word' id='word_1_151' title='bbox 118 2079 253 2162; x_wconf 80' lang='grc' dir='ltr'><strong><em>ἐφίλουν</em></strong></span> <span class='ocrx_word' id='word_1_152' title='bbox 284 2073 368 2158; x_wconf 76' lang='grc' dir='ltr'><strong><em>ἧμιῖς</em></strong></span> <span class='ocrx_word' id='word_1_153' title='bbox 397 2075 427 2141; x_wconf 84' lang='lat' dir='ltr'>oi</span> <span class='ocrx_word' id='word_1_154' title='bbox 450 2071 634 2161; x_wconf 76' lang='grc' dir='ltr'><strong><em>ἄνθρωποι,</em></strong></span> <span class='ocrx_word' id='word_1_155' title='bbox 669 2077 771 2162; x_wconf 82' lang='grc' dir='ltr'><strong><em>συχνὰ</em></strong></span> <span class='ocrx_word' id='word_1_156' title='bbox 802 2075 881 2160; x_wconf 80' lang='grc' dir='ltr'><strong><em>πρὸς</em></strong></span> <span class='ocrx_word' id='word_1_157' title='bbox 911 2075 1016 2143; x_wconf 84' lang='grc' dir='ltr'><strong><em>πάντα</em></strong></span> <span class='ocrx_word' id='word_1_158' title='bbox 1036 2079 1130 2170; x_wconf 66' lang='grc' dir='ltr'><strong><em>λόγον</em></strong></span> 
     </span>
     <span class='ocr_line' id='line_1_20' title="bbox 33 2174 1128 2260; baseline -0.001 -23"><span class='ocrx_word' id='word_1_159' title='bbox 33 2180 84 2238; x_wconf 88' lang='grc' dir='ltr'>καί</span> <span class='ocrx_word' id='word_1_160' title='bbox 104 2175 184 2258; x_wconf 84' lang='grc' dir='ltr'><strong><em>πρὸς</em></strong></span> <span class='ocrx_word' id='word_1_161' title='bbox 209 2180 271 2240; x_wconf 84' lang='grc' dir='ltr'>πάν</span> <span class='ocrx_word' id='word_1_162' title='bbox 293 2174 384 2258; x_wconf 76' lang='grc' dir='ltr'><strong><em>ἔργον</em></strong></span> <span class='ocrx_word' id='word_1_163' title='bbox 406 2177 633 2260; x_wconf 80' lang='grc' dir='ltr'><strong><em>προϊσχόμενοι</em></strong></span> <span class='ocrx_word' id='word_1_164' title='bbox 654 2178 701 2251; x_wconf 85' lang='grc' dir='ltr'>εἷς</span> <span class='ocrx_word' id='word_1_165' title='bbox 724 2177 890 2241; x_wconf 82' lang='grc' dir='ltr'><strong><em>δικαίωσιν</em></strong></span> <span class='ocrx_word' id='word_1_166' title='bbox 912 2181 971 2242; x_wconf 80' lang='grc' dir='ltr'><strong><em>τοῦ</em></strong></span> <span class='ocrx_word' id='word_1_167' title='bbox 992 2199 1128 2260; x_wconf 90' lang='grc' dir='ltr'><strong><em>κακουρ.</em></strong></span> 
     </span>
     <span class='ocr_line' id='line_1_21' title="bbox 31 2271 1128 2360; baseline 0.002 -24"><span class='ocrx_word' id='word_1_168' title='bbox 31 2284 91 2354; x_wconf 79' lang='grc' dir='ltr'><strong><em>νεῖν</em></strong></span> <span class='ocrx_word' id='word_1_169' title='bbox 113 2274 147 2339; x_wconf 86' lang='grc' dir='ltr'>τὸ</span> <span class='ocrx_word' id='word_1_170' title='bbox 173 2276 237 2338; x_wconf 80' lang='grc' dir='ltr'><strong><em>ιίπδ</em></strong></span> <span class='ocrx_word' id='word_1_171' title='bbox 272 2277 398 2360; x_wconf 84' lang='grc' dir='ltr'><strong><em>σπάθης</em></strong></span> <span class='ocrx_word' id='word_1_172' title='bbox 420 2277 513 2359; x_wconf 75' lang='grc' dir='ltr'><strong><em>’ἡμᾶς</em></strong></span> <span class='ocrx_word' id='word_1_173' title='bbox 537 2271 636 2358; x_wconf 74' lang='grc' dir='ltr'><strong><em>ἑλεῖν,</em></strong></span> <span class='ocrx_word' id='word_1_174' title='bbox 660 2277 718 2340; x_wconf 74' lang='lat' dir='ltr'>nain</span> <span class='ocrx_word' id='word_1_175' title='bbox 739 2272 927 2359; x_wconf 72' lang='grc' dir='ltr'><strong><em>άνθροέπινα</em></strong></span> <span class='ocrx_word' id='word_1_176' title='bbox 950 2279 1128 2357; x_wconf 80' lang='grc' dir='ltr'><strong><em>λαλοῦντες,</em></strong></span> 
     </span>
     <span class='ocr_line' id='line_1_22' title="bbox 18 2368 1127 2459; baseline 0.002 -25"><span class='ocrx_word' id='word_1_177' title='bbox 18 2373 97 2444; x_wconf 77' lang='grc' dir='ltr'><strong><em>ιάλλ’</em></strong></span> <span class='ocrx_word' id='word_1_178' title='bbox 116 2373 160 2451; x_wconf 81' lang='grc' dir='ltr'>ιδς</span> <span class='ocrx_word' id='word_1_179' title='bbox 194 2377 223 2440; x_wconf 82' lang='grc' dir='ltr'>εἰ</span> <span class='ocrx_word' id='word_1_180' title='bbox 243 2374 298 2438; x_wconf 85' lang='grc' dir='ltr'>καί</span> <span class='ocrx_word' id='word_1_181' title='bbox 324 2378 404 2440; x_wconf 76' lang='grc' dir='ltr'><strong><em>λέων</em></strong></span> <span class='ocrx_word' id='word_1_182' title='bbox 431 2368 531 2459; x_wconf 74' lang='grc' dir='ltr'><strong><em>ἄγραν</em></strong></span> <span class='ocrx_word' id='word_1_183' title='bbox 554 2369 635 2440; x_wconf 66' lang='lat' dir='ltr'>tauto</span> <span class='ocrx_word' id='word_1_184' title='bbox 658 2377 762 2439; x_wconf 74' lang='grc' dir='ltr'><strong><em>ἐθέλει</em></strong></span> <span class='ocrx_word' id='word_1_185' title='bbox 783 2376 923 2439; x_wconf 77' lang='grc' dir='ltr'><strong><em>διασπᾶν</em></strong></span> <span class='ocrx_word' id='word_1_186' title='bbox 945 2372 1043 2459; x_wconf 74' lang='grc' dir='ltr'><strong><em>ου’τὴν</em></strong></span> <span class='ocrx_word' id='word_1_187' title='bbox 1064 2375 1127 2456; x_wconf 74' lang='grc' dir='ltr'>οὐχ</span> 
     </span>
     <span class='ocr_line' id='line_1_23' title="bbox 32 2461 1124 2564; baseline 0.002 -29"><span class='ocrx_word' id='word_1_188' title='bbox 32 2468 78 2536; x_wconf 84' lang='grc' dir='ltr'><strong><em>ὅτι</em></strong></span> <span class='ocrx_word' id='word_1_189' title='bbox 96 2476 217 2562; x_wconf 77' lang='grc' dir='ltr'><strong><em>πεινῴη</em></strong></span> <span class='ocrx_word' id='word_1_190' title='bbox 240 2475 296 2538; x_wconf 86' lang='grc' dir='ltr'>καί</span> <span class='ocrx_word' id='word_1_191' title='bbox 318 2478 433 2559; x_wconf 83' lang='grc' dir='ltr'><strong><em>ποθοίη</em></strong></span> <span class='ocrx_word' id='word_1_192' title='bbox 455 2473 587 2558; x_wconf 88' lang='grc' dir='ltr'><strong><em>σάρκας,</em></strong></span> <span class='ocrx_word' id='word_1_193' title='bbox 606 2474 687 2539; x_wconf 77' lang='grc' dir='ltr'><strong><em>ἀλλὰ</em></strong></span> <span class='ocrx_word' id='word_1_194' title='bbox 710 2461 820 2564; x_wconf 73' lang='grc' dir='ltr'><strong><em>δικαίην</em></strong></span> <span class='ocrx_word' id='word_1_195' title='bbox 840 2477 898 2539; x_wconf 78' lang='lat' dir='ltr'>tori</span> <span class='ocrx_word' id='word_1_196' title='bbox 910 2481 1042 2556; x_wconf 88' lang='grc' dir='ltr'><strong><em>συσχεῖν</em></strong></span> <span class='ocrx_word' id='word_1_197' title='bbox 1064 2474 1124 2538; x_wconf 82' lang='grc' dir='ltr'>αδ-</span> 
     </span>
     <span class='ocr_line' id='line_1_24' title="bbox 29 2565 1124 2658; baseline 0 -22"><span class='ocrx_word' id='word_1_198' title='bbox 29 2571 81 2656; x_wconf 66' lang='lat' dir='ltr'>viv</span> <span class='ocrx_word' id='word_1_199' title='bbox 103 2567 226 2652; x_wconf 76' lang='grc' dir='ltr'><strong><em>ὄνυξιν.</em></strong></span> <span class='ocrx_word' id='word_1_200' title='bbox 270 2575 329 2638; x_wconf 81' lang='grc' dir='ltr'>ουίι</span> <span class='ocrx_word' id='word_1_201' title='bbox 352 2567 391 2658; x_wconf 74' lang='grc' dir='ltr'>ἦν</span> <span class='ocrx_word' id='word_1_202' title='bbox 419 2574 474 2638; x_wconf 83' lang='grc' dir='ltr'><strong><em>ε’πί</em></strong></span> <span class='ocrx_word' id='word_1_203' title='bbox 493 2571 616 2652; x_wconf 77' lang='grc' dir='ltr'><strong><em>τούτοις</em></strong></span> <span class='ocrx_word' id='word_1_204' title='bbox 644 2573 719 2638; x_wconf 78' lang='grc' dir='ltr'><strong><em>οὐδὲ</em></strong></span> <span class='ocrx_word' id='word_1_205' title='bbox 740 2574 921 2638; x_wconf 79' lang='grc' dir='ltr'><strong><em>δποστένειν</em></strong></span> <span class='ocrx_word' id='word_1_206' title='bbox 944 2574 1047 2658; x_wconf 78' lang='grc' dir='ltr'><strong><em>ἡμᾶς,</em></strong></span> <span class='ocrx_word' id='word_1_207' title='bbox 1068 2565 1124 2637; x_wconf 76' lang='lat' dir='ltr'>cii·</span> 
     </span>
    </p>

    <p class='ocr_par' dir='ltr' id='par_1_5' title="bbox 1019 2669 1024 2697">
     <span class='ocr_line' id='line_1_25' title="bbox 1019 2669 1024 2697; baseline 0 0"><span class='ocrx_word' id='word_1_208' title='bbox 1019 2669 1024 2697; x_wconf 90' lang='lat' dir='ltr'>l</span> 
     </span>
    </p>
   </div>
   <div class='ocr_carea' id='block_1_4' title="bbox 20 2849 1126 4267">
    <p class='ocr_par' dir='ltr' id='par_1_6' title="bbox 20 2849 1126 4267">
     <span class='ocr_line' id='line_1_26' title="bbox 96 2849 1123 2920; baseline -0.001 -19"><span class='ocrx_word' id='word_1_209' title='bbox 96 2849 151 2902; x_wconf 83' lang='lat' dir='ltr'>Sed</span> <span class='ocrx_word' id='word_1_210' title='bbox 177 2850 367 2904; x_wconf 76' lang='lat' dir='ltr'>revertendum</span> <span class='ocrx_word' id='word_1_211' title='bbox 396 2859 438 2902; x_wconf 83' lang='lat' dir='ltr'>est</span> <span class='ocrx_word' id='word_1_212' title='bbox 463 2869 478 2900; x_wconf 91' lang='lat' dir='ltr'>a</span> <span class='ocrx_word' id='word_1_213' title='bbox 502 2850 582 2904; x_wconf 81' lang='lat' dir='ltr'>rebus</span> <span class='ocrx_word' id='word_1_214' title='bbox 611 2851 718 2902; x_wconf 86' lang='lat' dir='ltr'>comitia</span> <span class='ocrx_word' id='word_1_215' title='bbox 742 2849 777 2902; x_wconf 88' lang='lat' dir='ltr'>ad</span> <span class='ocrx_word' id='word_1_216' title='bbox 805 2850 905 2920; x_wconf 88' lang='lat' dir='ltr'>priora.</span> <span class='ocrx_word' id='word_1_217' title='bbox 941 2855 1123 2912; x_wconf 78' lang='lat' dir='ltr'>enatantem,</span> 
     </span>
     <span class='ocr_line' id='line_1_27' title="bbox 30 2920 1122 2992; baseline -0.001 -22"><span class='ocrx_word' id='word_1_218' title='bbox 30 2937 95 2990; x_wconf 89' lang='lat' dir='ltr'>quae</span> <span class='ocrx_word' id='word_1_219' title='bbox 114 2921 151 2973; x_wconf 88' lang='lat' dir='ltr'>ad</span> <span class='ocrx_word' id='word_1_220' title='bbox 173 2924 255 2974; x_wconf 86' lang='lat' dir='ltr'>vitam</span> <span class='ocrx_word' id='word_1_221' title='bbox 278 2922 426 2992; x_wconf 82' lang='lat' dir='ltr'><strong>pertinent,</strong></span> <span class='ocrx_word' id='word_1_222' title='bbox 444 2921 575 2990; x_wconf 81' lang='lat' dir='ltr'>bipartito</span> <span class='ocrx_word' id='word_1_223' title='bbox 596 2921 749 2985; x_wconf 88' lang='lat' dir='ltr'>distributa,</span> <span class='ocrx_word' id='word_1_224' title='bbox 768 2923 798 2972; x_wconf 88' lang='lat' dir='ltr'>in</span> <span class='ocrx_word' id='word_1_225' title='bbox 816 2920 913 2972; x_wconf 81' lang='lat' dir='ltr'>diuma</span> <span class='ocrx_word' id='word_1_226' title='bbox 932 2928 960 2972; x_wconf 81' lang='lat' dir='ltr'>et</span> <span class='ocrx_word' id='word_1_227' title='bbox 980 2929 1122 2972; x_wconf 89' lang='lat' dir='ltr'>nocturna.</span> 
     </span>
     <span class='ocr_line' id='line_1_28' title="bbox 29 2991 1123 3063; baseline 0.002 -23"><span class='ocrx_word' id='word_1_228' title='bbox 29 3009 57 3041; x_wconf 86' lang='lat' dir='ltr'>aa</span> <span class='ocrx_word' id='word_1_229' title='bbox 74 2991 205 3044; x_wconf 89' lang='lat' dir='ltr'>diurnum</span> <span class='ocrx_word' id='word_1_230' title='bbox 223 2993 332 3062; x_wconf 87' lang='lat' dir='ltr'>quidem</span> <span class='ocrx_word' id='word_1_231' title='bbox 352 3001 457 3062; x_wconf 81' lang='lat' dir='ltr'>tempus</span> <span class='ocrx_word' id='word_1_232' title='bbox 476 3009 549 3061; x_wconf 82' lang='lat' dir='ltr'>spem</span> <span class='ocrx_word' id='word_1_233' title='bbox 568 2991 670 3044; x_wconf 78' lang='lat' dir='ltr'>sat&#39;eltit</span> <span class='ocrx_word' id='word_1_234' title='bbox 689 2993 895 3063; x_wconf 71' lang='lat' dir='ltr'>tranquillitatis</span> <span class='ocrx_word' id='word_1_235' title='bbox 919 2991 1041 3042; x_wconf 87' lang='lat' dir='ltr'>diutinae</span> <span class='ocrx_word' id='word_1_236' title='bbox 1058 3009 1123 3061; x_wconf 89' lang='lat' dir='ltr'>pro·</span> 
     </span>
     <span class='ocr_line' id='line_1_29' title="bbox 28 3061 1124 3134; baseline 0.001 -21"><span class='ocrx_word' id='word_1_237' title='bbox 28 3069 86 3130; x_wconf 84' lang='lat' dir='ltr'>pter</span> <span class='ocrx_word' id='word_1_238' title='bbox 105 3065 269 3116; x_wconf 85' lang='lat' dir='ltr'>Latinorum</span> <span class='ocrx_word' id='word_1_239' title='bbox 294 3065 399 3116; x_wconf 83' lang='lat' dir='ltr'>occulte</span> <span class='ocrx_word' id='word_1_240' title='bbox 425 3063 583 3115; x_wconf 76' lang='lat' dir='ltr'>sternentem</span> <span class='ocrx_word' id='word_1_241' title='bbox 603 3061 746 3125; x_wconf 77' lang='lat' dir='ltr'>ferociam,</span> <span class='ocrx_word' id='word_1_242' title='bbox 774 3065 820 3134; x_wconf 91' lang='lat' dir='ltr'>qui</span> <span class='ocrx_word' id='word_1_243' title='bbox 845 3072 940 3115; x_wconf 84' lang='lat' dir='ltr'>terram</span> <span class='ocrx_word' id='word_1_244' title='bbox 966 3062 1046 3114; x_wconf 85' lang='lat' dir='ltr'>rimnl</span> <span class='ocrx_word' id='word_1_245' title='bbox 1073 3079 1124 3114; x_wconf 87' lang='lat' dir='ltr'>nos</span> 
     </span>
     <span class='ocr_line' id='line_1_30' title="bbox 29 3133 1124 3204; baseline 0 -22"><span class='ocrx_word' id='word_1_246' title='bbox 29 3141 55 3183; x_wconf 88' lang='lat' dir='ltr'>et</span> <span class='ocrx_word' id='word_1_247' title='bbox 73 3135 147 3202; x_wconf 86' lang='lat' dir='ltr'>ipsos</span> <span class='ocrx_word' id='word_1_248' title='bbox 168 3151 267 3204; x_wconf 81' lang='lat' dir='ltr'>capere</span> <span class='ocrx_word' id='word_1_249' title='bbox 285 3133 433 3202; x_wconf 77' lang='lat' dir='ltr'>negabant:</span> <span class='ocrx_word' id='word_1_250' title='bbox 454 3134 526 3185; x_wconf 90' lang='lat' dir='ltr'>unde</span> <span class='ocrx_word' id='word_1_251' title='bbox 548 3133 642 3185; x_wconf 80' lang='lat' dir='ltr'>obvios</span> <span class='ocrx_word' id='word_1_252' title='bbox 663 3134 858 3204; x_wconf 83' lang='lat' dir='ltr'>conspuebant,</span> <span class='ocrx_word' id='word_1_253' title='bbox 876 3133 1038 3194; x_wconf 88' lang='lat' dir='ltr'>tundebant,</span> <span class='ocrx_word' id='word_1_254' title='bbox 1057 3150 1124 3199; x_wconf 86' lang='lat' dir='ltr'>sup-</span> 
     </span>
     <span class='ocr_line' id='line_1_31' title="bbox 28 3203 1123 3275; baseline -0.002 -21"><span class='ocrx_word' id='word_1_255' title='bbox 28 3205 201 3271; x_wconf 81' lang='lat' dir='ltr'>plantabant.</span> <span class='ocrx_word' id='word_1_256' title='bbox 248 3205 374 3275; x_wconf 78' lang='lat' dir='ltr'>frequens</span> <span class='ocrx_word' id='word_1_257' title='bbox 398 3206 453 3256; x_wconf 90' lang='lat' dir='ltr'>illis</span> <span class='ocrx_word' id='word_1_258' title='bbox 476 3206 527 3256; x_wconf 86' lang='lat' dir='ltr'>ista</span> <span class='ocrx_word' id='word_1_259' title='bbox 546 3206 624 3274; x_wconf 87' lang='lat' dir='ltr'>quasi</span> <span class='ocrx_word' id='word_1_260' title='bbox 642 3206 778 3256; x_wconf 86' lang='lat' dir='ltr'>cantilena</span> <span class='ocrx_word' id='word_1_261' title='bbox 798 3213 856 3256; x_wconf 89' lang='lat' dir='ltr'>erat</span> <span class='ocrx_word' id='word_1_262' title='bbox 875 3206 964 3265; x_wconf 82' lang='lat' dir='ltr'>“veni‚</span> <span class='ocrx_word' id='word_1_263' title='bbox 984 3203 1058 3254; x_wconf 86' lang='lat' dir='ltr'>bella</span> <span class='ocrx_word' id='word_1_264' title='bbox 1077 3205 1123 3252; x_wconf 90' lang='lat' dir='ltr'>lo-</span> 
     </span>
     <span class='ocr_line' id='line_1_32' title="bbox 27 3274 1124 3345; baseline -0.003 -20"><span class='ocrx_word' id='word_1_265' title='bbox 27 3279 136 3327; x_wconf 87' lang='lat' dir='ltr'>annes.&#39;&#39;</span> <span class='ocrx_word' id='word_1_266' title='bbox 176 3274 327 3328; x_wconf 84' lang='lat' dir='ltr'>ludibrium</span> <span class='ocrx_word' id='word_1_267' title='bbox 349 3275 417 3327; x_wconf 92' lang='lat' dir='ltr'>illud</span> <span class='ocrx_word' id='word_1_268' title='bbox 440 3283 507 3338; x_wconf 85' lang='lat' dir='ltr'>erat,</span> <span class='ocrx_word' id='word_1_269' title='bbox 525 3276 599 3345; x_wconf 93' lang='lat' dir='ltr'>quod</span> <span class='ocrx_word' id='word_1_270' title='bbox 617 3277 687 3326; x_wconf 87' lang='lat' dir='ltr'>inter</span> <span class='ocrx_word' id='word_1_271' title='bbox 707 3275 878 3327; x_wconf 89' lang='lat' dir='ltr'>obsidionem</span> <span class='ocrx_word' id='word_1_272' title='bbox 899 3274 1062 3325; x_wconf 87' lang='lat' dir='ltr'>insolentius</span> <span class='ocrx_word' id='word_1_273' title='bbox 1082 3274 1124 3322; x_wconf 88' lang='lat' dir='ltr'>ia-</span> 
     </span>
     <span class='ocr_line' id='line_1_33' title="bbox 26 3345 1122 3417; baseline -0.001 -22"><span class='ocrx_word' id='word_1_274' title='bbox 26 3355 195 3410; x_wconf 83' lang='lat' dir='ltr'>ctasaemua,</span> <span class='ocrx_word' id='word_1_275' title='bbox 222 3347 348 3417; x_wconf 82' lang='lat' dir='ltr'>pusillum</span> <span class='ocrx_word' id='word_1_276' title='bbox 378 3347 457 3398; x_wconf 86' lang='lat' dir='ltr'>nobis</span> <span class='ocrx_word' id='word_1_277' title='bbox 486 3347 588 3398; x_wconf 75' lang='lat' dir='ltr'>auxilio</span> <span class='ocrx_word' id='word_1_278' title='bbox 606 3354 747 3398; x_wconf 79' lang='lat' dir='ltr'>venturum</span> <span class='ocrx_word' id='word_1_279' title='bbox 775 3347 964 3414; x_wconf 85' lang='lat' dir='ltr'>imperatorem</span> <span class='ocrx_word' id='word_1_280' title='bbox 982 3345 1122 3394; x_wconf 87' lang='lat' dir='ltr'>loannem.</span> 
     </span>
     <span class='ocr_line' id='line_1_34' title="bbox 26 3415 1123 3489; baseline -0.001 -24"><span class='ocrx_word' id='word_1_281' title='bbox 26 3417 46 3466; x_wconf 86' lang='lat' dir='ltr'>si</span> <span class='ocrx_word' id='word_1_282' title='bbox 66 3420 129 3487; x_wconf 83' lang='lat' dir='ltr'>quis</span> <span class='ocrx_word' id='word_1_283' title='bbox 148 3427 275 3470; x_wconf 85' lang='lat' dir='ltr'>autema</span> <span class='ocrx_word' id='word_1_284' title='bbox 300 3419 412 3489; x_wconf 81' lang='lat' dir='ltr'>captivis</span> <span class='ocrx_word' id='word_1_285' title='bbox 450 3415 513 3468; x_wconf 84' lang='lat' dir='ltr'>adea</span> <span class='ocrx_word' id='word_1_286' title='bbox 530 3419 558 3467; x_wconf 93' lang='lat' dir='ltr'>in</span> <span class='ocrx_word' id='word_1_287' title='bbox 586 3418 628 3468; x_wconf 82' lang='lat' dir='ltr'>via</span> <span class='ocrx_word' id='word_1_288' title='bbox 650 3416 837 3468; x_wconf 87' lang='lat' dir='ltr'>deambularet</span> <span class='ocrx_word' id='word_1_289' title='bbox 853 3418 925 3486; x_wconf 87' lang='lat' dir='ltr'>(quis</span> <span class='ocrx_word' id='word_1_290' title='bbox 948 3423 1037 3466; x_wconf 88' lang='lat' dir='ltr'>autem</span> <span class='ocrx_word' id='word_1_291' title='bbox 1058 3421 1123 3464; x_wconf 87' lang='lat' dir='ltr'>tunc</span> 
     </span>
     <span class='ocr_line' id='line_1_35' title="bbox 25 3435 1122 3558; baseline -0.003 -21"><span class='ocrx_word' id='word_1_292' title='bbox 25 3505 78 3538; x_wconf 92' lang='lat' dir='ltr'>nou</span> <span class='ocrx_word' id='word_1_293' title='bbox 100 3490 162 3542; x_wconf 86' lang='lat' dir='ltr'>ibat</span> <span class='ocrx_word' id='word_1_294' title='bbox 183 3489 322 3558; x_wconf 78' lang='lat' dir='ltr'>pedibus?</span> <span class='ocrx_word' id='word_1_295' title='bbox 371 3435 448 3558; x_wconf 77' lang='lat' dir='ltr'>qnod</span> <span class='ocrx_word' id='word_1_296' title='bbox 471 3497 498 3539; x_wconf 87' lang='lat' dir='ltr'>et</span> <span class='ocrx_word' id='word_1_297' title='bbox 524 3489 576 3557; x_wconf 82' lang='lat' dir='ltr'>ipsi</span> <span class='ocrx_word' id='word_1_298' title='bbox 596 3487 699 3556; x_wconf 78' lang='lat' dir='ltr'>experti</span> <span class='ocrx_word' id='word_1_299' title='bbox 725 3503 826 3550; x_wconf 87' lang='lat' dir='ltr'>sumna,</span> <span class='ocrx_word' id='word_1_300' title='bbox 848 3486 936 3548; x_wconf 79' lang='lat' dir='ltr'>fracti,</span> <span class='ocrx_word' id='word_1_301' title='bbox 954 3486 1122 3548; x_wconf 87' lang='lat' dir='ltr'>vacillantes,</span> 
     </span>
     <span class='ocr_line' id='line_1_36' title="bbox 24 3555 1122 3628; baseline 0.002 -22"><span class='ocrx_word' id='word_1_302' title='bbox 24 3559 137 3622; x_wconf 88' lang='lat' dir='ltr'>turbati,</span> <span class='ocrx_word' id='word_1_303' title='bbox 161 3561 320 3627; x_wconf 71' lang='lat' dir='ltr'>vertiginosi</span> <span class='ocrx_word' id='word_1_304' title='bbox 341 3566 469 3628; x_wconf 87' lang='lat' dir='ltr'>tanquam</span> <span class='ocrx_word' id='word_1_305' title='bbox 492 3558 589 3625; x_wconf 71' lang='lat' dir='ltr'>ebrii)3</span> <span class='ocrx_word' id='word_1_306' title='bbox 611 3560 632 3610; x_wconf 88' lang='lat' dir='ltr'>si</span> <span class='ocrx_word' id='word_1_307' title='bbox 652 3559 713 3628; x_wconf 86' lang='lat' dir='ltr'>quis</span> <span class='ocrx_word' id='word_1_308' title='bbox 731 3559 814 3625; x_wconf 76' lang='lat' dir='ltr'>igitur</span> <span class='ocrx_word' id='word_1_309' title='bbox 832 3558 869 3610; x_wconf 88' lang='lat' dir='ltr'>ita</span> <span class='ocrx_word' id='word_1_310' title='bbox 888 3556 1075 3606; x_wconf 80' lang='lat' dir='ltr'>deambularet</span> <span class='ocrx_word' id='word_1_311' title='bbox 1092 3555 1122 3608; x_wconf 88' lang='lat' dir='ltr'>in</span> 
     </span>
     <span class='ocr_line' id='line_1_37' title="bbox 24 3625 1121 3700; baseline -0.001 -24"><span class='ocrx_word' id='word_1_312' title='bbox 24 3627 50 3678; x_wconf 89' lang='lat' dir='ltr'>iu</span> <span class='ocrx_word' id='word_1_313' title='bbox 80 3632 122 3680; x_wconf 80' lang='lat' dir='ltr'>via</span> <span class='ocrx_word' id='word_1_314' title='bbox 147 3632 320 3698; x_wconf 80' lang='lat' dir='ltr'>angustiore,</span> <span class='ocrx_word' id='word_1_315' title='bbox 352 3637 379 3682; x_wconf 90' lang='lat' dir='ltr'>et</span> <span class='ocrx_word' id='word_1_316' title='bbox 397 3630 508 3682; x_wconf 85' lang='lat' dir='ltr'>Latinus</span> <span class='ocrx_word' id='word_1_317' title='bbox 535 3630 634 3700; x_wconf 77' lang='lat' dir='ltr'>aliquis</span> <span class='ocrx_word' id='word_1_318' title='bbox 660 3629 730 3680; x_wconf 87' lang='lat' dir='ltr'>sorte</span> <span class='ocrx_word' id='word_1_319' title='bbox 757 3643 829 3698; x_wconf 89' lang='lat' dir='ltr'>equo</span> <span class='ocrx_word' id='word_1_320' title='bbox 860 3625 1121 3696; x_wconf 82' lang='lat' dir='ltr'>praeterveheretur,</span> 
     </span>
     <span class='ocr_line' id='line_1_38' title="bbox 24 3695 1122 3771; baseline -0.005 -23"><span class='ocrx_word' id='word_1_321' title='bbox 24 3699 96 3752; x_wconf 88' lang='lat' dir='ltr'>haud</span> <span class='ocrx_word' id='word_1_322' title='bbox 115 3703 167 3752; x_wconf 86' lang='lat' dir='ltr'>ille</span> <span class='ocrx_word' id='word_1_323' title='bbox 201 3702 374 3754; x_wconf 82' lang='lat' dir='ltr'>abstenturus</span> <span class='ocrx_word' id='word_1_324' title='bbox 394 3708 473 3763; x_wconf 88' lang='lat' dir='ltr'>erat,</span> <span class='ocrx_word' id='word_1_325' title='bbox 502 3701 646 3771; x_wconf 81' lang='lat' dir='ltr'>quominus</span> <span class='ocrx_word' id='word_1_326' title='bbox 664 3699 835 3752; x_wconf 85' lang='lat' dir='ltr'>conculcaret</span> <span class='ocrx_word' id='word_1_327' title='bbox 854 3707 882 3749; x_wconf 92' lang='lat' dir='ltr'>et</span> <span class='ocrx_word' id='word_1_328' title='bbox 898 3697 1015 3749; x_wconf 81' lang='lat' dir='ltr'>elideret</span> <span class='ocrx_word' id='word_1_329' title='bbox 1034 3695 1122 3748; x_wconf 77' lang='lat' dir='ltr'>homi.</span> 
     </span>
     <span class='ocr_line' id='line_1_39' title="bbox 23 3766 1123 3841; baseline -0.004 -21"><span class='ocrx_word' id='word_1_330' title='bbox 23 3787 93 3833; x_wconf 88' lang='lat' dir='ltr'>nem,</span> <span class='ocrx_word' id='word_1_331' title='bbox 115 3788 193 3841; x_wconf 87' lang='lat' dir='ltr'>equo</span> <span class='ocrx_word' id='word_1_332' title='bbox 212 3771 347 3824; x_wconf 80' lang='lat' dir='ltr'>adsultus</span> <span class='ocrx_word' id='word_1_333' title='bbox 366 3772 510 3823; x_wconf 82' lang='lat' dir='ltr'>ferociores</span> <span class='ocrx_word' id='word_1_334' title='bbox 530 3770 702 3822; x_wconf 85' lang='lat' dir='ltr'>stimulando.</span> <span class='ocrx_word' id='word_1_335' title='bbox 742 3773 780 3821; x_wconf 89' lang='lat' dir='ltr'>ita</span> <span class='ocrx_word' id='word_1_336' title='bbox 801 3770 847 3820; x_wconf 84' lang='lat' dir='ltr'>isti</span> <span class='ocrx_word' id='word_1_337' title='bbox 864 3785 914 3820; x_wconf 84' lang='lat' dir='ltr'>nos</span> <span class='ocrx_word' id='word_1_338' title='bbox 935 3769 1019 3818; x_wconf 83' lang='lat' dir='ltr'>amice</span> <span class='ocrx_word' id='word_1_339' title='bbox 1037 3766 1123 3816; x_wconf 88' lang='lat' dir='ltr'>habe·</span> 
     </span>
     <span class='ocr_line' id='line_1_40' title="bbox 22 3838 1124 3911; baseline -0.004 -21"><span class='ocrx_word' id='word_1_340' title='bbox 22 3840 97 3904; x_wconf 75' lang='lat' dir='ltr'>bant,</span> <span class='ocrx_word' id='word_1_341' title='bbox 118 3844 150 3894; x_wconf 93' lang='lat' dir='ltr'>iu</span> <span class='ocrx_word' id='word_1_342' title='bbox 172 3844 246 3894; x_wconf 89' lang='lat' dir='ltr'>omni</span> <span class='ocrx_word' id='word_1_343' title='bbox 269 3859 376 3911; x_wconf 80' lang='lat' dir='ltr'>semper</span> <span class='ocrx_word' id='word_1_344' title='bbox 396 3858 518 3894; x_wconf 84' lang='lat' dir='ltr'>sermone</span> <span class='ocrx_word' id='word_1_345' title='bbox 537 3850 565 3892; x_wconf 90' lang='lat' dir='ltr'>et</span> <span class='ocrx_word' id='word_1_346' title='bbox 590 3843 709 3892; x_wconf 82' lang='lat' dir='ltr'>facinore</span> <span class='ocrx_word' id='word_1_347' title='bbox 726 3841 761 3891; x_wconf 91' lang='lat' dir='ltr'>ad</span> <span class='ocrx_word' id='word_1_348' title='bbox 782 3838 946 3908; x_wconf 84' lang='lat' dir='ltr'>purgandam</span> <span class='ocrx_word' id='word_1_349' title='bbox 964 3839 1124 3890; x_wconf 87' lang='lat' dir='ltr'>violentiam</span> 
     </span>
     <span class='ocr_line' id='line_1_41' title="bbox 23 3906 1124 3982; baseline -0.003 -21"><span class='ocrx_word' id='word_1_350' title='bbox 23 3912 257 3978; x_wconf 82' lang='lat' dir='ltr'>praetendentes,</span> <span class='ocrx_word' id='word_1_351' title='bbox 284 3914 357 3982; x_wconf 92' lang='lat' dir='ltr'>quod</span> <span class='ocrx_word' id='word_1_352' title='bbox 375 3915 401 3964; x_wconf 87' lang='lat' dir='ltr'>vi</span> <span class='ocrx_word' id='word_1_353' title='bbox 420 3915 491 3982; x_wconf 90' lang='lat' dir='ltr'>capti</span> <span class='ocrx_word' id='word_1_354' title='bbox 516 3928 650 3974; x_wconf 84' lang='lat' dir='ltr'>essemus,</span> <span class='ocrx_word' id='word_1_355' title='bbox 670 3911 743 3962; x_wconf 88' lang='lat' dir='ltr'>haud</span> <span class='ocrx_word' id='word_1_356' title='bbox 761 3910 878 3962; x_wconf 84' lang='lat' dir='ltr'>humana</span> <span class='ocrx_word' id='word_1_357' title='bbox 897 3911 1057 3979; x_wconf 88' lang='lat' dir='ltr'>loquentes,</span> <span class='ocrx_word' id='word_1_358' title='bbox 1076 3906 1124 3959; x_wconf 87' lang='lat' dir='ltr'>sad</span> 
     </span>
     <span class='ocr_line' id='line_1_42' title="bbox 22 3979 1126 4050; baseline -0.004 -18"><span class='ocrx_word' id='word_1_359' title='bbox 22 3983 105 4050; x_wconf 74' lang='lat' dir='ltr'>plane</span> <span class='ocrx_word' id='word_1_360' title='bbox 123 3986 167 4035; x_wconf 86' lang='lat' dir='ltr'>ita</span> <span class='ocrx_word' id='word_1_361' title='bbox 198 4002 228 4036; x_wconf 88' lang='lat' dir='ltr'>ao</span> <span class='ocrx_word' id='word_1_362' title='bbox 246 3985 268 4035; x_wconf 87' lang='lat' dir='ltr'>si</span> <span class='ocrx_word' id='word_1_363' title='bbox 290 3986 334 4036; x_wconf 90' lang='lat' dir='ltr'>leo</span> <span class='ocrx_word' id='word_1_364' title='bbox 365 4001 394 4036; x_wconf 93' lang='lat' dir='ltr'>ca</span> <span class='ocrx_word' id='word_1_365' title='bbox 416 3991 471 4034; x_wconf 89' lang='lat' dir='ltr'>tam</span> <span class='ocrx_word' id='word_1_366' title='bbox 490 3982 604 4034; x_wconf 84' lang='lat' dir='ltr'>bestiam</span> <span class='ocrx_word' id='word_1_367' title='bbox 623 3984 741 4033; x_wconf 89' lang='lat' dir='ltr'>lacerare</span> <span class='ocrx_word' id='word_1_368' title='bbox 760 3983 837 4040; x_wconf 89' lang='lat' dir='ltr'>velit,</span> <span class='ocrx_word' id='word_1_369' title='bbox 856 3998 911 4032; x_wconf 90' lang='lat' dir='ltr'>non</span> <span class='ocrx_word' id='word_1_370' title='bbox 930 3979 1004 4048; x_wconf 91' lang='lat' dir='ltr'>quod</span> <span class='ocrx_word' id='word_1_371' title='bbox 1024 3979 1126 4032; x_wconf 87' lang='lat' dir='ltr'>esuriat</span> 
     </span>
     <span class='ocr_line' id='line_1_43' title="bbox 22 4051 1123 4124; baseline -0.003 -21"><span class='ocrx_word' id='word_1_372' title='bbox 22 4063 49 4104; x_wconf 88' lang='lat' dir='ltr'>et</span> <span class='ocrx_word' id='word_1_373' title='bbox 68 4072 168 4106; x_wconf 85' lang='lat' dir='ltr'>carnea</span> <span class='ocrx_word' id='word_1_374' title='bbox 197 4063 325 4124; x_wconf 86' lang='lat' dir='ltr'>appetat,</span> <span class='ocrx_word' id='word_1_375' title='bbox 357 4071 385 4106; x_wconf 82' lang='lat' dir='ltr'>ae</span> <span class='ocrx_word' id='word_1_376' title='bbox 425 4055 558 4116; x_wconf 79' lang='lat' dir='ltr'>inrasae,</span> <span class='ocrx_word' id='word_1_377' title='bbox 579 4055 681 4122; x_wconf 85' lang='lat' dir='ltr'>quippe</span> <span class='ocrx_word' id='word_1_378' title='bbox 709 4053 756 4122; x_wconf 91' lang='lat' dir='ltr'>qui</span> <span class='ocrx_word' id='word_1_379' title='bbox 779 4052 910 4118; x_wconf 74' lang='lat' dir='ltr'>unguibus</span> <span class='ocrx_word' id='word_1_380' title='bbox 930 4051 1003 4115; x_wconf 83' lang='lat' dir='ltr'>iilam</span> <span class='ocrx_word' id='word_1_381' title='bbox 1024 4059 1123 4101; x_wconf 89' lang='lat' dir='ltr'>teneat.</span> 
     </span>
     <span class='ocr_line' id='line_1_44' title="bbox 22 4121 1126 4194; baseline -0.001 -21"><span class='ocrx_word' id='word_1_382' title='bbox 22 4140 113 4176; x_wconf 80' lang='lat' dir='ltr'>verum</span> <span class='ocrx_word' id='word_1_383' title='bbox 134 4124 172 4176; x_wconf 88' lang='lat' dir='ltr'>ad</span> <span class='ocrx_word' id='word_1_384' title='bbox 194 4125 260 4176; x_wconf 90' lang='lat' dir='ltr'>haec</span> <span class='ocrx_word' id='word_1_385' title='bbox 278 4143 312 4177; x_wconf 90' lang='lat' dir='ltr'>ne</span> <span class='ocrx_word' id='word_1_386' title='bbox 336 4125 468 4194; x_wconf 79' lang='lat' dir='ltr'>suspirare</span> <span class='ocrx_word' id='word_1_387' title='bbox 488 4124 608 4194; x_wconf 83' lang='lat' dir='ltr'>quidem,</span> <span class='ocrx_word' id='word_1_388' title='bbox 626 4132 673 4174; x_wconf 90' lang='lat' dir='ltr'>aut</span> <span class='ocrx_word' id='word_1_389' title='bbox 691 4125 767 4176; x_wconf 84' lang='lat' dir='ltr'>vultu</span> <span class='ocrx_word' id='word_1_390' title='bbox 788 4124 857 4174; x_wconf 84' lang='lat' dir='ltr'>tristi</span> <span class='ocrx_word' id='word_1_391' title='bbox 880 4137 939 4173; x_wconf 83' lang='lat' dir='ltr'>essa</span> <span class='ocrx_word' id='word_1_392' title='bbox 961 4121 1039 4172; x_wconf 87' lang='lat' dir='ltr'>nobis</span> <span class='ocrx_word' id='word_1_393' title='bbox 1057 4122 1126 4172; x_wconf 86' lang='lat' dir='ltr'>lice-</span> 
     </span>
     <span class='ocr_line' id='line_1_45' title="bbox 20 4191 1125 4267; baseline -0.003 -22"><span class='ocrx_word' id='word_1_394' title='bbox 20 4195 87 4260; x_wconf 87' lang='lat' dir='ltr'>bat,</span> <span class='ocrx_word' id='word_1_395' title='bbox 108 4213 186 4267; x_wconf 90' lang='lat' dir='ltr'>quae</span> <span class='ocrx_word' id='word_1_396' title='bbox 212 4205 301 4250; x_wconf 85' lang='lat' dir='ltr'>tamen</span> <span class='ocrx_word' id='word_1_397' title='bbox 329 4195 455 4250; x_wconf 82' lang='lat' dir='ltr'>ductibus</span> <span class='ocrx_word' id='word_1_398' title='bbox 482 4196 664 4248; x_wconf 85' lang='lat' dir='ltr'>calamitatum</span> <span class='ocrx_word' id='word_1_399' title='bbox 692 4194 812 4264; x_wconf 86' lang='lat' dir='ltr'>oppressi</span> <span class='ocrx_word' id='word_1_400' title='bbox 831 4192 865 4244; x_wconf 90' lang='lat' dir='ltr'>ad</span> <span class='ocrx_word' id='word_1_401' title='bbox 882 4191 1024 4246; x_wconf 82' lang='lat' dir='ltr'>lavandam</span> <span class='ocrx_word' id='word_1_402' title='bbox 1045 4191 1125 4257; x_wconf 85' lang='lat' dir='ltr'>animi</span> 
     </span>
    </p>
   </div>
   <div class='ocr_carea' id='block_1_5' title="bbox 0 0 1450 4904">
    <p class='ocr_par' dir='ltr' id='par_1_7' title="bbox 0 0 1450 4904">
     <span class='ocr_line' id='line_1_46' title="bbox 0 0 1450 4904; baseline 0 7"><span class='ocrx_word' id='word_1_403' title='bbox 0 0 1450 4904; x_wconf 95' lang='lat' dir='ltr'> </span> 
     </span>
    </p>
   </div>
  </div>
 </body>
</html>
