2838 4902
203 327 258 390 DE
274 321 581 392 Tuussauoutcl
601 327 630 390 lt
650 325 808 390 Lb'l'lNlS
827 323 972 397 CAPTA·
1057 319 1131 390 373

48 473 84 536 ον’
111 467 170 556 γάρ
206 465 316 549 άλλοις
348 473 477 550 έπέταξε
508 475 714 557 χαλασθῆναι
746 471 804 558 τῆν
829 477 991 560 κρυφαίαν
1014 476 1133 558 ἐκείνην

48 569 153 656 πάλην,
175 574 334 654 μετέωρον
355 571 494 660 ᾑρμένῆν
515 574 550 636 ἐκ
570 575 726 657 μηχανῆς,
748 573 817 638 ἄλλ’
838 572 934 650 αὐτός
953 571 987 638 τό
1012 577 1126 656 τέχνα·
1159 613 1163 622 ·

47 695 107 750 σμα
125 669 247 753 σχάσας
267 667 348 736 κατά
383 669 523 756 σπουάῆν
553 667 720 754 κατήνεγκε
740 671 796 737 καί
815 670 892 738 κατά
916 676 979 738 τῶν
999 695 1133 753 παρεισ-

48 771 203 849 ιλοομένων
231 774 416 852 συγκλείσας
442 769 631 853 έπαγίδιυσε
661 769 734 848 τοός
763 768 949 856 ὑποτρέχειν
978 768 1132 854 λαχόντας

28 869 88 942 δεῖς
108 861 248 952 ὄλεθρον,
268 869 409 958 σφιγκτῷ
443 867 570 956 θανάτῳ
592 870 829 953 μετηλλαχότος
855 868 891 934 τό
915 873 971 955 ζῆν
995 875 1050 934 καί
1069 892 1132 934 κει·

46 971 154 1046 μένους
185 965 308 1051 οἰκτρόν
340 972 466 1051 θέαμα,
490 971 535 1055 τῷ
553 970 613 1049 μὲν
635 964 744 1051 ἡμίσει
770 970 992 1050 τοῦσώματος
1013 968 1131 1052 προκά-

47 1088 175 1141 πτοντας
198 1069 252 1132 ἐπί
270 1064 311 1132 τά
332 1065 427 1148 ἐντός,
452 1071 497 1155 τῷ
517 1069 552 1133 δέ
579 1071 678 1154 λοιπῷ
699 1071 972 1155 προφαινομένονς
992 1076 1058 1143 τοῖς
1080 1071 1131 1133 tr·

46 1163 101 1247 τός,
124 1159 206 1230 ciere
229 1168 406 1231 κλαίεσθαι.
674 1243 678 1260 .

117 1259 152 1332 ‘0
183 1268 219 1331 δὲ
247 1269 304 1329 καί
324 1266 369 1342 εἰς
388 1268 539 1331 τοσοῦτον
557 1259 597 1351 ἧν
627 1266 771 1351 άνέριῖος
799 1269 940 1334 διολέσαι
967 1265 1024 1352 τῆν
1056 1261 1132 1352 όλην

15 1364 144 1446 tonilla,
172 1363 217 1440 τός
251 1362 319 1447 άμα
349 1388 382 1430 ss
414 1369 473 1430 τοῦ
492 1365 615 1450 πάργου
643 1370 792 1449 γενέσθαι
825 1364 861 1446 tir
885 1366 1133 1451 όπερανίσταται

46 1469 103 1530 τοῖν
124 1468 226 1530 ἐκεῖσε
261 1467 388 1548 πυλαῖν,
415 1466 471 1528 καί
501 1459 569 1547 άμα
592 1464 644 1532 διά
670 1467 796 1548 σχοίνου
822 1469 970 1533 καθεῖναι
991 1468 1037 1540 τίς
1057 1464 1132 1542 τούς

46 1563 273 1650 ἐπιδραμόντας
295 1567 465 1646 πολεμίους
485 1560 613 1648 ἑαυτόν,
642 1564 780 1630 ἐάσαντα
801 1564 876 1641 νοός
898 1563 952 1628 dns*
971 1568 1030 1628 τοῦ
1050 1563 1131 1647 πάρ-

45 1688 94 1747 γου
123 1662 322 1747 στρατιιότας
354 1660 428 1727 κενά
457 1665 590 1744 μελετᾶν
620 1663 700 1748 όντέρ
724 1665 783 1727 rosi
810 1661 978 1748 ἒράματος,
1001 1665 1056 1728 καί
1073 1661 1132 1747 τῆν

44 1767 143 1845 τρίβον
164 1763 267 1827 αὐτοῦ
295 1765 350 1827 καί
379 1760 438 1844 τῆν
461 1771 589 1846 σχοῖνον
614 1764 732 1849 ταύτην
752 1760 932 1848 ἐπαράτους
956 1761 1129 1846 ἑξοχνιάζε-

15 1867 116 1927 15σθαι
132 1861 189 1926 καί
213 1856 435 1950 πιριρόόεσθαι.

115 1961 272 2028 Ἐνταῦθα
298 1959 530 2043 παθαινόμενος
557 1956 739 2047 προάγομαί
758 1985 791 2026 τι
820 1967 958 2046 λαλῆσαι
978 1961 1056 2047 πρός
1075 1957 1130 2027 τόν

44 2054 154 2149 istos,
191 2063 248 2126 καί
266 2065 430 2126 πυθέσθαι
452 2056 576 2128 odaei·
624 2062 658 2126 τί
676 2059 800 2144 diuers,
822 2055 850 2126 τό
862 2065 1010 2160 βέλτιστε
1031 2085 1141 2150 στρα-Ι

43 2163 115 2243 τηγέ,
135 2160 193 2245 τὴν
221 2158 308 2225 κάτω
336 2158 425 2225 πόλιν
450 2159 704 2224 κατακόπτεσθαι
735 2162 830 2246 α’φείς
859 2164 965 2243 ἐγένου
986 2163 1041 2244 τῆς
1061 2154 1129 2224 άνοι

43 2262 148 2344 μοίρας
171 2260 228 2326 καί
248 2257 393 2324 σπεόόοιν
416 2259 551 2343 έκράβῆς
582 2261 685 2343 ἐντός,
708 2262 739 2324 ei
768 2255 848 2324 οὕτω
867 2260 951 2342 ταχό
975 2262 1071 2343 ἐχρῆν
1091 2281 1129 2322 σε

12 2359 90 2424 arsat
108 2357 213 2443 ου’τῆν
246 2361 378 2446 άφιῖνοιι
404 2367 471 2434 τοῖς
497 2363 627 2442 ἐχθροῖς
655 2356 841 2443 ὑποχείριον
850 2385 861 2440 ,·
891 2361 927 2424 τί
951 2362 986 2424 di
1004 2357 1048 2443 μῆ
1071 2355 1128 2442 τῆν

44 2457 145 2544 ἀγεννῆ
167 2457 291 2546 φωνήν,
323 2458 380 2541 τῆν
409 2460 468 2524 τοῦ
499 2461 670 2541 ἐλεηθῆναί
697 2481 751 2544 σε,
773 2462 993 2544 προέκρωξας,
1012 2451 1130 2542 πρίνῆ

43 2561 88 2622 καί
108 2561 300 2635 καταπνῑξαι
318 2558 392 2635 τούς
412 2559 497 2644 έντῆ
516 2557 597 2644 πάλῃ
623 2560 797 2639 σχεθέντας
813 2559 869 2622 καί
886 2556 960 2632 τούς
980 2555 1128 2635 λοιποόςς

44 2657 102 2734 πιός
121 2660 163 2722 ου’
181 2663 302 2744 γελοῖον
321 2660 506 2744 εἰσόραμεῖν
525 2655 583 2740 τῆν
604 2654 774 2741 α’κρόπολιν
795 2654 839 2734 σός
860 2658 905 2732 είς
926 2651 1052 2740 άμυναν
1071 2653 1129 2720 καί

44 2909 139 2979 etipse
157 2909 268 2962 caedem
291 2911 409 2973 fecisset,
428 2910 508 2962 morti
526 2908 679 2974 immolatis,
717 2925 767 2961 uos
787 2917 893 2978 tempus
911 2916 940 2960 et
959 2908 1064 2960 occasio
1084 2907 1128 2960 illi

45 2980 187 3034 obtulisset.
223 2997 313 3051 neque
340 2984 412 3033 enim
437 2982 504 3032 alios
530 2982 662 3033 occultam
694 2926 771 3031 iilam
796 2989 918 3049 portata,
946 2996 979 3030 ex
1003 2979 1128 3030 machina

45 3052 150 3118 quadem
169 3069 324 3121 suspensam
345 3053 449 3104 solvere
468 3053 600 3114 iusserat,
620 3051 667 3104 sed
689 3052 765 3119 ipse,
790 3051 1005 3102 machinamento
1027 3051 1127 3111 soluto,

45 3121 196 3174 festinanter
224 3139 283 3174 enm
303 3123 426 3184 demisit,
451 3131 494 3184 et,
520 3123 596 3192 quasi
628 3123 754 3190 decipula
778 3129 887 3190 captos,
918 3120 1053 3190 perdidit,
1080 3121 1128 3190 qni

44 3191 169 3244 intrarent
196 3210 279 3262 quum
303 3195 435 3255 maxime,
466 3192 681 3258 strangulatione
710 3201 833 3243 enecatos
860 3201 901 3251 et,
929 3190 1076 3244 miserabili
1098 3207 1129 3241 ac

43 3261 119 3315 flebili
137 3265 310 3334 spectaculo,
327 3281 438 3335 corpore
458 3263 571 3315 dimidio
592 3265 679 3328 intra,
698 3261 813 3314 dimidio
841 3271 915 3312 extra
933 3263 1035 3314 valvam
1063 3276 1129 3330 pro-

45 3333 130 3385 iectos.

103 3391 168 3456 Erat
187 3405 352 3456 autem·ille
376 3405 411 3457 sd
432 3401 597 3474 perdendam
628 3409 712 3454 totam
735 3399 829 3452 urbem
858 3400 895 3450 ita
924 3401 1052 3461 eximius,
1080 3408 1127 3464 ut,

44 3491 117 3542 quum
141 3476 172 3527 in
193 3477 305 3538 turrim,
331 3493 401 3546 quse
434 3483 514 3544 supra
545 3474 621 3524 illam
648 3480 752 3541 portam
784 3478 917 3522 exstructa
945 3479 1002 3533 est,
1032 3487 1129 3539 perrea

43 3546 137 3610 nisset,
156 3547 248 3597 statim
276 3562 326 3614 per
344 3546 436 3598 funem
463 3545 497 3596 ad
523 3543 680 3594 obsidentes
708 3543 799 3594 hostes
824 3557 852 3593 se
871 3541 1039 3602 demitteret,
1062 3541 1127 3592 reli·

44 3617 101 3680 ctis,
119 3617 165 3686 qui
187 3619 215 3667 in
244 3618 311 3668 turri
330 3625 422 3682 eraut,
442 3615 590 3676 militibus,
611 3615 657 3683 qni
681 3611 867 3683 nequidquam
887 3609 1071 3662 delendebant
1095 3611 1126 3662 id

44 3689 276 3756 propugnaculum,
297 3696 325 3739 et
342 3689 465 3740 semitam
483 3687 558 3736 illem
582 3692 610 3736 et
627 3685 720 3736 funem
739 3682 929 3735 detestebilem
951 3681 1124 3733 insectaban-

44 3763 82 3806 tur
109 3757 334 3810 execrationibus.

105 3829 156 3880 llic
173 3831 227 3880 iarn
244 3831 316 3880 inter
333 3827 555 3879 tamentationem
572 3841 657 3876 meam
678 3825 767 3876 lacere
784 3841 839 3875 non
859 3840 976 3893 possum,
993 3821 1068 3892 quin,
1087 3821 1124 3873 sd

42 3893 170 3950 bominem
182 3902 264 3952 istum
276 3916 428 3961 conversus,
440 3914 579 3967 quaeram:
597 3904 663 3946 “cur
677 3894 796 3957 tandem,
816 3895 871 3945 dux
888 3893 1043 3953 bellissime,
1054 3893 1122 3943 urbe
1142 3903 1146 3914 ’

44 3965 163 4022 inferiore
183 3971 312 4040 perniciei
330 3969 444 4031 tradita,
469 3970 498 4019 in
526 3976 630 4037 partem
651 3975 678 4018 te
696 3967 860 4034 superiorem
881 3965 1004 4032 recepisti
1023 3971 1123 4014 ettam

43 4036 197 4094 festinanter
213 4042 287 4092 intus
304 4039 441 4103 abdidisti,
460 4040 482 4090 si
503 4039 541 4089 ita
558 4041 612 4089 cito
624 4037 697 4088 illam
717 4052 828 4106 quoque
845 4036 874 4086 in
893 4051 987 4086 manus
1003 4033 1123 4086 hostium

44 4109 181 4163 traditurus
200 4112 282 4164 erae?
328 4119 441 4162 auteur
467 4110 594 4161 infamem
615 4109 691 4160 istam
710 4123 818 4168 vocem,
842 4123 895 4176 qua
914 4105 1123 4158 misericordiam

43 4176 184 4248 flagitabis,
203 4199 260 4236 non
281 4181 405 4246 emisisti,
421 4180 577 4252 priusquam
594 4179 623 4243 ii,
641 4179 688 4249 qui
705 4187 783 4248 porta
800 4178 1010 4249 oppressisset,
1033 4183 1061 4228 st
1079 4192 1125 4227 ce·
