2892 4904
250 331 317 406 ἀτ
334 335 643 405 Τατεειιοαιοκ
661 342 689 400 a
708 337 868 402 aaarars
887 333 1032 405 canat
1112 323 1188 402 493

92 487 233 576 ἄγοντες,
256 481 277 576 ἢ
299 484 380 554 aaa
401 489 479 570 γοῦν
494 485 571 562 τούς
592 486 719 568 κυρίους
744 489 800 552 τοῦ
824 483 924 551 τόπον
943 487 1188 570 ἀποστεροῦντες

91 594 150 656 τοῦ
170 591 299 668 sinenda.

203 692 312 768 Ταῦτα
347 688 387 771 δή
420 685 615 752 καὶτούτων
644 684 738 767 ἕτερα
773 687 879 765 πλείω,
906 687 962 748 καί
990 684 1130 765 μάλιστα
1149 685 1188 750 τὸ

89 786 291 871 γυμνιτεύειν
320 790 376 851 καί
410 783 427 851 o‘
461 784 572 869 λιμός,
603 784 678 860 τούς
712 785 846 858 πολλοὺς
873 789 936 849 τῶν
962 783 1185 866 αἰχμαλώτων,

57 891 250 972 redonatiaco
277 891 332 950 καί
353 886 602 970 διαταράττοντα
634 883 693 960 ἕως
720 885 775 947 καί
800 885 845 958 εἰς
872 885 1013 948 θάνατον
1041 885 1098 961 τὰς
1117 903 1187 965 ψυ-
1278 930 1280 938 .

88 987 173 1070 gria,
206 989 361 1072 ἠρέθισαν
394 991 463 1048 κατ’
505 983 641 1068 ἀνάγκην
673 988 752 1065 (καί
786 981 822 1048 τί
854 982 915 1068 γὰρ
951 975 1031 1047 ἄλλο
1066 986 1187 1067 ἐμηχα-

88 1086 226 1173 νήσαντο
256 1079 337 1169 dm)
363 1081 569 1148 dunaan'ilew
596 1081 671 1158 τούς
692 1085 870 1167 Λατίνους,
902 1078 1108 1167 ὑποτρέχειν,
1134 1106 1187 1148 κο-

88 1183 251 1264 λακεύειν,
273 1182 432 1263 θυᾶπτειν,
456 1183 600 1264 σαίνειν,
633 1183 811 1264 δουλεύειν,
834 1189 938 1248 πάντα
961 1194 1064 1248 ποιεῖν
1086 1187 1120 1262 ἐξ
1141 1175 1188 1248 ὧν

88 1280 133 1352 ἂν
154 1288 210 1350 καί
230 1281 360 1368 ζήταιτν
391 1285 446 1348 καί
476 1285 558 1366 μηδὲ
582 1278 682 1368 φόβον
704 1281 816 1364 istesso.
852 1283 1033 1348 ,κάντεῦθεν
1054 1285 1134 1348 εἰσίν
1156 1284 1191 1350 οἳ

36 1405 77 1458 10
90 1388 295 1471 προσέκοψαν
330 1387 375 1460 εἰς
408 1380 463 1448 τὸν
496 1380 596 1464 dedda
636 1384 754 1467 δρόμον
787 1378 926 1458 ἄκοντες.
982 1381 1012 1448 oi
1039 1384 1103 1467 yde
1140 1382 1185 1469 μή

87 1483 246 1570 ἔμφρονες
268 1483 325 1548 καί
343 1483 560 1566 κατελάλησαν
590 1486 645 1548 καί
673 1487 844 1568 θησαυρῶν
863 1483 1081 1569 κατεμήνυσαν
1110 1484 1185 1568 aazia

87 1601 165 1667 ψεις
193 1584 248 1649 καί
268 1579 418 1666 ἥρπασαν
439 1585 495 1648 καί
521 1580 688 1666 ἐσύλησαν.
737 1581 953 1669 ίχνηλάτησαν
982 1586 1017 1650 δὲ
1046 1582 1101 1646 καί
1120 1609 1184 1668 pv·

85 1686 203 1768 ydriae,
224 1685 283 1747 τοῦ
317 1683 420 1746 adreci
450 1683 584 1763 αἳματος
603 1681 677 1757 τούς
699 1680 854 1762 πολλούς,
868 1687 923 1748 καί
943 1679 1099 1766 cippaticos
1120 1690 1184 1758 τοῖς

86 1791 194 1857 κακοῖς
215 1787 378 1873 ,θηραταῖς
405 1780 578 1861 δεδώκασι,
607 1785 662 1846 καί
690 1782 790 1846 πολλὰ
815 1781 908 1866 ἕτερα
931 1782 1122 1867 ἐξήμαρτον,
1143 1777 1184 1846 od

33 1895 119 1948 1512
141 1871 261 1954 ἑκόντες
291 1878 373 1964 ἔςγε
391 1881 424 1945 τὸ
456 1883 535 1961 πᾶν,
570 1881 638 1946 ἀλλ’
664 1883 764 1946 εἰπεῖν
783 1885 1072 1965 καθωμιλημένυις,
1093 1879 1185 1948 ἑκου-

85 1980 278 2060 σιακοιὶσιοι.
318 1982 383 2044 τοῖν
407 1983 444 2044 δέ
463 2003 497 2062 γε
520 1983 576 2044 καί
587 1979 710 2062 μεγάλα
729 1983 785 2044 κατ’
804 1977 883 2064 πρὸς
906 1983 1071 2046 α’ναίδειαν
1091 2004 1184 2045 κατε-

84 2082 266 2162 νεχθέντων
282 2083 340 2144 τοῦ
361 2085 533 2164 eventura
553 2083 660 2161 γένους
683 2082 942 2163 (κατηγοροῦνται
963 2080 1024 2164 γάρ
1046 2079 1100 2144 κατ’
1117 2104 1184 2146 τοι·

85 2182 175 2245 οὗτοι
203 2180 338 2263 ἐκβήναί
352 2183 447 2264 τινες)
483 2175 604 2263 μήποτε
638 2179 793 2264 μνησθείη
822 2177 875 2243 διὰ
897 2185 1028 2262 χειλέων
1047 2179 1184 2244 adsciri

86 2277 206 2364 κύριος.
254 2283 404 2345 ἐντεῦθεν
432 2275 461 2344 οἱ
492 2275 661 2360 αὐτόνομοι
688 2275 800 2362 γάμοι·
849 2283 998 2346 ἐντεῦθεν
1024 2283 1186 2363 γυναικοῖν»

31 2387 73 2443 20
86 2376 285 2463 ἀπαρτήσας
303 2379 551 2466 ἅπανηναμένων
572 2375 627 2452 ode
646 2376 741 2461 νόμος
762 2372 845 2443 nider
868 2375 996 2463 ἄνδρας.
1038 2383 1184 2446 ἐντεῦθεν

84 2481 257 2561 παρθένων
280 2481 417 2564 φθοραί,
439 2482 507 2556 ,τοῖν
529 2483 588 2560 μὲν
611 2472 683 2542 edu
703 2485 778 2544 καθ’
799 2476 943 2544 ἑκούσιον
964 2483 1028 2545 ταῖν
1048 2483 1184 2566 α’ρχηγε-

84 2579 154 2643 τῶν
175 2578 289 2654 αὐταῖς
310 2579 369 2643 τοῦ
391 2573 481 2664 εἶναι,
501 2582 565 2648 τοῖν
583 2581 619 2644 dd
649 2578 704 2644 καί
723 2581 851 2646 ἐκείνων
871 2583 1050 2664 προεμένων
1068 2580 1183 2655 adroic.

85 2867 208 2926 talantia
229 2869 281 2922 acti
304 2871 376 2925 iores
403 2873 562 2925 insiliebant
592 2881 619 2926 et
636 2873 740 2926 baculis
758 2872 956 2942 percutiebant,
974 2879 1059 2944 atque
1080 2871 1184 2924 incolas

86 2951 140 2996 aut
158 2942 293 2994 vexabant
311 2943 533 3016 insultabantqua
555 2953 602 2996 eut
619 2961 713 2996 somno
734 2953 805 2996 certe
824 2943 974 3013 privabant.

179 3013 252 3066 Haec
278 3020 306 3064 et
335 3013 388 3066 alia
408 3016 521 3084 insuper
538 3015 620 3082 longe
646 3015 745 3085 plura,
766 3014 873 3067 nuditas
898 3015 1013 3068 maxime
1043 3021 1071 3067 et
1090 3015 1184 3077 fames,

84 3083 212 3154 captivos
231 3084 385 3154 plerosque,
404 3087 561 3156 perterritos
579 3085 758 3157 turbatosque
782 3087 880 3137 animis
901 3085 936 3136 ad
955 3095 1070 3150 mortem
1087 3103 1184 3156 usque,

84 3155 252 3208 necessitate
273 3158 405 3222 cogebant
424 3155 500 3228 (quid
519 3157 591 3208 enim
609 3157 730 3209 iacerent
754 3157 862 3227 allodi)
877 3194 884 3219 ,
901 3165 932 3208 ut
950 3159 1052 3210 Latinis
1070 3156 1181 3207 blandi-

85 3234 192 3288 rentur,
213 3235 422 3290 assentarentur,
441 3226 624 3292 adularentur,
641 3237 749 3298 praesto
769 3237 867 3288 essent,
884 3243 993 3297 operam
1008 3226 1112 3290 darent,
1131 3227 1183 3278 de-

84 3298 176 3367 nique
196 3297 287 3348 omnia
307 3297 434 3362 iacerent,
453 3299 552 3369 quibus
578 3308 636 3351 tuna
655 3299 736 3350 vitam
759 3299 830 3350 tueri
849 3306 906 3348 tum
923 3306 996 3349 metu
1017 3311 1046 3350 se
1064 3297 1183 3350 liberare

84 3375 212 3438 possent.
249 3375 332 3436 etque
351 3369 415 3422 hinc
430 3369 607 3440 repetendum
622 3377 671 3431 ast,
689 3369 736 3439 qui
754 3371 783 3420 in
802 3385 906 3420 cursum
924 3370 1100 3439 praecipitem
1119 3386 1182 3437 pro·

83 3439 163 3510 pulsi
190 3445 253 3490 sunt
275 3439 364 3492 inviti.
408 3457 525 3511 namque
545 3439 668 3509 homines
697 3457 753 3491 non
771 3441 834 3491 satie
853 3455 934 3490 sanae
954 3441 1053 3491 mentis
1072 3440 1181 3507 linguae
1234 3448 1240 3460 ·

84 3526 186 3580 parurn
206 3508 343 3575 favebant,
361 3510 514 3564 divitiarum
534 3510 649 3564 latibula
665 3509 826 3580 prodebant,
845 3510 995 3579 rapiebant,
1017 3511 1180 3581 spoliabant.

84 3579 290 3648 investigabant
308 3583 391 3634 etiam
407 3583 545 3652 profugos,
565 3581 687 3633 eiusdem
697 3583 842 3652 plerosque
852 3581 999 3650 sanguinis,
1018 3581 1183 3652 capiendos-

85 3667 146 3722 que
165 3650 333 3705 tradiderunt
359 3654 479 3706 scelestis
501 3652 693 3714 venatoribus,
714 3661 742 3704 et
759 3652 844 3704 multa
863 3653 916 3702 alia
934 3651 1092 3722 peccabant,
1109 3651 1183 3703 haud

85 3722 166 3774 ultro
185 3719 293 3792 quidem
323 3725 447 3786 omnino,
466 3723 533 3787 sed,
557 3731 588 3776 ut
613 3723 732 3776 dictione
751 3731 812 3774 utar
829 3723 950 3791 vulgari,
970 3739 1020 3774 nec
1042 3722 1113 3774 ultro
1132 3737 1184 3774 aec

84 3793 181 3845 inviti.
218 3795 265 3863 qui
283 3804 373 3848 autern
393 3804 420 3847 et
446 3795 480 3847 ad
504 3809 600 3863 magna
617 3796 738 3847 facinora
761 3802 789 3845 et
811 3793 845 3845 ad
864 3793 1060 3865 impudentiam
1077 3793 1183 3864 delapsi

85 3871 156 3916 aunt
176 3879 191 3914 e
211 3863 314 3916 civibus
332 3867 430 3919 nostris
447 3867 575 3936 (namque
593 3866 660 3917 tales
671 3882 780 3934 quoque
798 3864 910 3934 quidam
928 3865 1043 3916 evasisse
1063 3879 1184 3931 argunn-

84 3936 157 4002 εστ),
181 3950 275 3986 eorum
291 3954 431 4009 nunquam
451 3937 575 3989 dominns
593 3934 748 3990 recordetur
765 3935 846 3987 labiis
873 3936 936 3987 auis.
974 3935 1038 3986 hine
1055 3945 1184 4004 repeten-

86 4006 143 4058 dae
163 4012 227 4057 eunt
244 4009 356 4076 nuptiae
375 4009 530 4072 liberiores,
550 4007 614 4060 hinc
631 4008 776 4058 rnulierom
803 4007 960 4075 pervicacia,
979 4007 1181 4075 aspernantium

85 4092 160 4149 quoe
182 4075 226 4130 lex
243 4077 299 4128 illis
325 4081 448 4132 iunxerat
464 4081 590 4144 maritae,
617 4079 681 4129 binc
704 4079 837 4145 virgiuum
863 4079 1058 4146 corruptiones,
1084 4077 1181 4145 partim

83 4146 184 4200 invitis
203 4147 277 4199 ritae
290 4152 443 4203 auctoribus
462 4159 581 4219 patratae
601 4151 697 4218 partina
719 4147 840 4200 studiose
857 4150 891 4198 ab
910 4149 964 4199 illis
984 4147 1100 4212 adiutae,
1119 4147 1182 4200 hinc

82 4227 272 4274 matronarum
291 4228 401 4292 stupra:
428 4234 495 4293 quas
512 4237 561 4290 ego
587 4221 700 4273 multum
724 4219 880 4274 dehortatus
902 4227 931 4271 et
947 4218 1103 4272 cohortatus
1125 4217 1181 4270 iru-
