2892 4904
257 379 313 442 DE
340 373 693 442 mnsstnotttctt
721 377 881 447 LATINIS
903 379 1047 450 CAPTA.
1118 371 1194 450 499

101 511 156 600 τήν
177 516 383 599 κληρονομίαν
404 518 492 597 σου,”
514 513 667 595 ἒφέποται
690 513 726 575 δὲ
747 511 780 577 τὸ
802 517 956 595 “ε’μίαυαν
976 515 1119 582 τδννοὸυ
1140 514 1195 582 τὸν

102 595 191 684 ι’ίγιόν
212 621 290 680 σου,
319 593 434 676 Ιἔθεντο
463 593 502 658 τὰ
531 599 709 679 θνηοιμαία
740 599 804 662 τῶν
831 600 957 664 δουλων
984 604 1061 682 σου”
1085 605 1141 664 καί
1158 601 1192 679 td

101 695 181 783 ἑξῆς,
201 695 299 778 μόνον
322 697 362 758 ου’
379 697 644 781 χρησμῳδοῦντος
664 695 720 758 τοῦ
740 694 903 781 προφήτου
926 700 982 764 καί
1001 699 1195 783 θεοποὶτορος

101 801 143 863 δι’
165 797 361 882 δποφητείας
378 797 442 859 τοῖν
463 795 685 878 ἠθροισμένων
705 797 750 870 εἰς
766 797 887 879 δέησιν,
907 802 963 864 καί
983 801 1125 882 λέγοντος
1145 802 1198 864 “τί

75 892 139 968 idn
160 893 207 962 ἔτι
237 897 389 976 δεοίμεθα
421 895 598 976 πρεσβειῶν
628 893 673 968 εἰς
704 891 800 974 θεόν,
820 893 899 962 ἔνθα
928 901 1035 987 ἐκείνῳ
1056 897 1095 964 ιδ
1119 904 1194 966 καθ’

98 996 188 1080 ἡμῶν
209 994 431 1078 ἀποπέφανται
438 997 470 1072 ,·”

104 1159 106 1163 .
178 1087 276 1177 Εἶχον
295 1086 379 1158 οὕτω
403 1093 517 1173 ταῦτα,
539 1094 682 1158 πλείοσιν
692 1088 811 1178 ἑτέροις
833 1097 1094 1178 παρασπιζὸμενα
1113 1122 1193 1182 συγ.

96 1193 271 1279 ιιροτὴμοισι
301 1196 356 1275 τῆς
385 1194 443 1257 τοῦ
475 1195 573 1256 κακοῦ
594 1188 768 1276 δηλώσεως.
822 1196 878 1258 καί
895 1195 1000 1260 τοίνυν
1021 1199 1066 1285 τῷ.
1084 1201 1196 1286 συχνῷ
1218 1209 1225 1226 ’

95 1291 216 1360 τούτων
243 1287 380 1368 ἅπαντας
398 1289 656 1376 οἷνεφρουοῦμιν,
687 1284 807 1374 ὄψιμον
839 1291 1023 1377 συνάγοντες
1043 1299 1119 1362 νοῦν
1139 1301 1196 1362 καί

57 1407 87 1462 10
96 1392 130 1458 τὸ
153 1393 262 1480 πρῴην
293 1391 416 1476 θράσος
445 1387 692 1475 δποαοιοδμιυοι
724 1392 779 1476 (ud
800 1393 861 1479 γδρ
885 1390 924 1457 δν
947 1397 1047 1459 ἐκεῖνο
1069 1395 1194 1479 θάρσος

93 1491 215 1572 εἴποιμι
248 1490 383 1574 ἕλλόγως
402 1489 566 1578 εἴχομεν),
595 1491 652 1558 καί
679 1493 831 1574 ἐνοοῦμιν
864 1498 963 1558 ουκεθ
1001 1503 1078 1578 ημῖν
1107 1491 1191 1560 εἶναι

92 1592 207 1677 φυκττλ.
251 1582 365 1658 ου’,ιιουυ
384 1587 532 1674 ἔφθησαν
551 1595 742 1676 καταντῆσαι
764 1594 809 1668 εἰς
829 1596 926 1678 πέρας
943 1593 977 1659 αἱ
997 1597 1060 1659 τῶν
1081 1596 1191 1678 ἐκκλη-

90 1693 170 1762 σιιῖν
201 1687 363 1775 δεητὴρισι
389 1685 560 1772 ἁρμονίαι,
589 1693 645 1754 καί
665 1691 693 1754 ’ὅ
715 1693 869 1779 πόλεμος,
891 1691 936 1758 ἔτι
966 1699 1031 1758 τῶν
1052 1697 1191 1776 ψαλμῶν

90 1792 283 1872 εἰλουμένων
303 1791 337 1854 ἐν
357 1797 424 1866 τοῖς
446 1793 509 1854 τοῖν
529 1792 687 1870 δεομένων
707 1790 866 1874 στόμασι,
885 1795 1024 1876 θρήνους
1045 1795 1190 1878 παρέβυ.

51 1908 81 1962 15
90 1913 134 1976 σι,
154 1891 213 1954 καί
231 1890 277 1964 εἰς
295 1886 389 1972 γόους
415 1886 559 1974 οἰκτρυδς
581 1891 636 1954 καί
654 1889 859 1972 ἀλαλαγμοὺς
878 1894 985 1958 Αἴδου
1008 1893 1189 1978 ἀντιπεριέ-

88 2013 197 2075 στησε,
218 1991 275 2056 καί
302 1991 349 2064 τίς
370 1987 478 2074 φυγὴν
499 1984 617 2064 ου’τοδς
650 1989 883 2073 ἀθροισθέντας
906 1987 1030 2079 ἕπτυρε,
1050 1991 1189 2058 καίτοι.

88 2092 174 2154 οὖτα
208 2091 332 2156 tatum
360 2083 463 2174 ὦνπερ
495 2087 552 2152 diu
583 2091 807 2174 μεμνήσεσθαι
833 2089 909 2168 τοδς
934 2093 1057 2170 ζῶντας
1077 2089 1111 2157 ἔν
1125 2116 1186 2178 περ

87 2191 234 2282 ὀνείροις,
254 2185 343 2272 εἴπερ
367 2190 405 2252 ου’
425 2186 467 2252 τοὶ
487 2184 566 2272 ἡδέα
579 2183 678 2270 μόνον
692 2193 903 2273 προπίπτουσι
921 2193 975 2276 τῆς
996 2193 1068 2256 καθ’
1089 2185 1187 2256 rinnon

86 2294 276 2374 φαντασίας,
299 2291 368 2354 αλλ’
389 2289 483 2354 οὐδὲν
502 2279 599 2372 ἧττον
619 2286 676 2353 καί
701 2287 742 2353 τοὶ
764 2288 866 2374 φόβον
887 2287 1102 2374 ἐνδειξάμινα.

44 2404 77 2460 λθ
171 2390 245 2454 Καὶ
263 2382 364 2465 οὕτως
392 2390 426 2468 ἒξ
446 2391 531 2464 ἰδίας
552 2385 692 2474 ἔχθρας,
721 2391 776 2473 τῆς
797 2411 830 2454 τε
863 2387 943 2454 κατὰ
973 2389 1029 2456 τὸν
1050 2390 1186 2473 βασιλέα
1227 2392 1230 2397 ’

84 2490 286 2576 Ἀνδρόνικον
308 2491 363 2556 καλ
382 2491 440 2574 τῆς
458 2489 539 2555 κατὰ
561 2487 617 2552 τὸν
633 2491 733 2554 δοῦντι
754 2489 871 2574 Δαυίδ,
892 2487 1000 2562 κοινὸν,
1010 2489 1104 2555 κακὸν
1124 2515 1185 2554 αα-

82 2590 243 2676 τέσιιηψιν
273 2586 434 2656 ἀνάπαλιν
457 2591 502 2678 τῷ
530 2591 826 2676 γνωμοτευσαμένιρ
860 2593 960 2656 πολλοῑ
991 2593 1053 2656 τῶν
1073 2594 1185 2658 κοινῶν

81 2833 191 2886 orditur
207 2832 308 2893 “deur,
327 2840 460 2886 venerunt
477 2839 569 2901 genter
594 2831 623 2884 in
644 2831 824 2884 hereditatem
844 2835 945 2896 tuam‚''
975 2833 1074 2886 deinde
1093 2837 1183 2906 pergit

79 2905 314 2975 “inquinaverunt
341 2920 444 2956 sacrum
482 2904 613 2974 tempium
646 2910 738 2968 tuum,
766 2911 880 2972 stragem
900 2905 1025 2956 fecerunt
1044 2923 1182 2958 servorum

80 2976 210 3028 tuorum'’
230 2982 259 3026 et
279 2991 348 3044 quae
366 2983 526 3046 aequumne,
544 2972 678 3044 propheta
697 2983 725 3025 et
741 2982 817 3043 petre
830 2973 875 3026 dei
893 2993 940 3026 ore
957 2993 1059 3040 eorum,
1080 2979 1127 3048 qui
1146 2977 1182 3029 ad

77 3063 176 3118 preces
199 3044 335 3097 faciendae
353 3047 508 3114 congregati
528 3055 614 3107 erant,
634 3052 739 3096 tantum
762 3062 817 3097 nou
836 3047 1012 3110 vaticinante,
1032 3051 1115 3100 etita
1135 3047 1181 3099 di-

78 3125 160 3169 cente
181 3115 270 3188 “quid
288 3117 443 3169 etiamnunc
458 3132 553 3188 preces
574 3116 701 3168 faciamus
720 3114 782 3180 deo,
804 3134 888 3186 quum
908 3117 958 3168 ilie
976 3118 1010 3169 de
1028 3119 1109 3170 rebus
1127 3135 1181 3171 no-

333 3189 350 3210 n

78 3190 141 3240 atria
162 3187 332 3240 decreverit?

150 3260 229 3313 Haec
246 3258 328 3326 igitur
347 3259 386 3311 ita
403 3273 432 3310 se
451 3255 616 3320 habuerunt,
634 3256 726 3309 multis
745 3257 806 3310 aliia
827 3258 925 3326 stipatu
944 3256 1053 3308 indiciis
1072 3259 1180 3311 instan-

77 3330 111 3381 tia
131 3330 277 3401 perniciei.
314 3329 412 3400 quibua
431 3329 557 3381 omnibus
577 3329 668 3381 cuncti
687 3328 798 3380 tandem
817 3329 985 3396 resipuimus,
1003 3344 1063 3380 uero
1082 3329 1118 3380 ard
1136 3347 1180 3381 ra·

77 3417 142 3450 uum
160 3407 282 3453 mentem
296 3399 448 3463 redeuntes,
466 3401 663 3469 pristinamque
681 3398 842 3451 abiicienter
861 3399 1055 3451 confidentiam
1075 3400 1178 3471 (neque

77 3475 153 3524 cuim
173 3471 299 3524 fiduciam
328 3471 403 3523 illam
433 3470 579 3544 dixerim),
604 3469 721 3524 moderti
750 3485 808 3522 esse
828 3471 974 3540 coepimus,
993 3480 1021 3523 et
1037 3472 1178 3523 intellexi·

76 3557 146 3606 mus,
165 3559 225 3594 non
244 3543 298 3593 iam
316 3559 366 3594 noa
386 3545 502 3612 effugere
519 3558 600 3614 porse
618 3541 809 3593 calamitatem.
846 3542 941 3609 ituque
953 3541 987 3591 ad
1006 3541 1086 3592 finem
1104 3558 1177 3593 non·

77 3612 144 3664 dum
163 3613 313 3682 perductae
332 3622 410 3666 erant
430 3613 459 3665 in
481 3613 602 3666 eccleaiia
627 3611 779 3664 cantilenae
806 3612 951 3680 supplices,
970 3629 1052 3682 quum
1071 3613 1176 3663 bellum

75 3685 204 3753 paalmir,
223 3686 270 3756 qui
287 3681 375 3736 adhuc
392 3686 420 3736 in
439 3683 531 3736 oribus
551 3685 719 3753 precantium
731 3681 885 3744 volvuntur,
904 3685 1017 3733 naenias
1034 3684 1175 3748 immiscet,

76 3771 185 3825 eoaque
203 3756 232 3806 in
250 3755 457 3808 lamentationes
476 3753 642 3807 miserabiles
654 3762 682 3805 at
693 3753 855 3805 eiulationea
876 3753 979 3821 Stygiae
997 3755 1086 3817 vertit,
1107 3771 1176 3805 con-

74 3826 158 3877 cione
179 3827 208 3876 in
227 3826 317 3895 fugam
335 3827 482 3896 compulsu,
500 3834 529 3877 et
548 3828 586 3877 itu
608 3828 711 3887 affecta,
728 3831 759 3875 ut
777 3825 886 3874 iliarum
905 3841 993 3876 rerum
1013 3826 1060 3894 qui
1078 3825 1175 3877 vivunt
1254 3877 1258 3887 ,

74 3896 250 3948 recordaturi
271 3899 325 3950 eint
343 3899 425 3948 etium
441 3897 471 3949 in
488 3897 616 3960 somniis,
636 3895 770 3966 siquidem
788 3912 844 3946 non
862 3896 953 3946 suavia
972 3903 1076 3947 tanturn
1097 3913 1175 3946 men.

73 3967 96 4018 ti
117 3983 171 4038 per
193 3983 315 4019 somnum
336 3968 447 4019 liberius
472 3968 613 4036 evaganti,
632 3967 681 4019 aed
699 3965 780 4018 etiam
798 3981 837 4029 eu,
856 3981 928 4036 quae
945 3974 1074 4019 terrorem
1094 3967 1174 4018 incu·
1232 3973 1235 3984 '

72 4039 158 4098 dunt,
180 4038 316 4091 obversari
333 4040 431 4091 uolent.

141 4110 188 4160 ita
209 4109 342 4177 igiturex
361 4108 503 4163 inimicitia
523 4109 627 4178 privetu
655 4107 825 4177 imperatorie
842 4105 988 4160 Andronici
1010 4114 1038 4158 et
1052 4105 1172 4168 Doridis,

72 4177 151 4230 ducis
173 4178 269 4244 nostri,
291 4182 439 4233 communis
460 4179 599 4232 calamitae
620 4179 755 4230 civitatem
776 4178 883 4241 iurarit,
902 4187 995 4230 contra
1016 4178 1090 4230 illius
1109 4193 1172 4228 aen·

69 4249 210 4315 tentiam,
235 4252 286 4324 qui
310 4269 366 4305 reru
389 4250 528 4324 publicam
555 4265 637 4321 caepe
657 4250 807 4303 inimicitiis
824 4249 937 4320 priuatis
967 4249 1074 4302 restitui
1092 4247 1170 4309 dixit,
