2892 4904
224 323 279 384 ua
296 316 602 383 anassntourca
622 316 649 378 λ
669 315 827 380 triarius
847 317 990 380 carra.
1079 311 1152 387 469

59 471 127 532 τῶν
143 469 276 550 χειλέων
311 465 447 550 οἷκερδὴς
475 469 510 529 ἐκ
530 469 589 530 τού
617 462 818 550 μυροβλύτου
842 465 1044 549 ιίπεκβαίνειν
1064 472 1101 536 τά
1123 497 1156 538 τε

60 571 110 643 εἰς
131 567 252 654 τρυφὴν
272 571 327 632 ’καί
346 565 440 630 λοιπὰ
463 565 498 629 δέ
517 589 599 629 τινα.

149 665 221 732 Καί
240 668 340 733 ταῦτα
355 667 414 746 μέν
428 663 504 749 ἡμῖν
526 661 775 745 παρεκβεβύσθοι
796 669 985 750 συμμέτρως
1008 671 1064 730 καί
1084 671 1159 732 ου’δέ

62 763 150 830 πάνυ
181 763 242 843 ἔξω
270 766 330 829 τού
364 767 509 839 δέοντος·
561 760 590 828 οἰ
613 765 647 826 δέ
678 759 834 846 βάρβαροι
865 765 1083 848 πληρώσαντες
1102 766 1158 852 τήν

34 864 158 936 5πύλιν
179 859 271 951 ὅλην,
302 867 337 942 ἐξ
361 864 468 930 αύτοῖν
497 864 561 928 τιύν
583 858 668 951 ἓῳοον
689 865 796 926 raalaio
819 862 998 948 ἀρξάμενοι,
1016 868 1159 950 ἐθέριζον

62 962 144 1040 τούς
172 968 246 1028 καθ’
267 963 366 1048 ἡμᾶς,
386 966 442 1027 καί
474 961 580 1046 συχνοὶ
603 965 704 1026 ταῦτα
733 961 899 1046 δράγματα
920 963 1078 1046 ῥίπτοντες
1098 991 1160 1030 σω.

63 1064 146 1148 ρούς
167 1065 368 1143 ἐστοίβαζον,
390 1065 423 1140 ἐξ
444 1054 488 1127 ὧν
502 1059 613 1146 ΗΑιδης
632 1067 723 1146 φιλεῖ
739 1061 930 1141 σιτούμενος.
973 1065 1029 1127 καί
1049 1061 1079 1128 οἱ
1100 1069 1161 1146 μέν

63 1164 121 1226 έπί
148 1166 210 1226 τῶν
241 1159 397 1247 ἀμφάδιον
427 1159 593 1248 φεύγοντες
615 1159 744 1225 ἔπιπτον
772 1164 848 1244 περί
868 1159 988 1243 αύτοὶς,
1016 1165 1071 1228 καί
1092 1159 1160 1246 ἅμα

63 1264 261 1344 ἑγυμνοῦντο
291 1262 533 1343 σκυλευόμενοι·
589 1262 645 1324 καί
676 1256 777 1334 υύτους
799 1256 833 1323 αἱ
852 1261 964 1342 α’γυιαί
983 1265 1028 1337 εἰς
1050 1261 1158 1350 οἰκτρά

17 1378 52 1428 10
64 1361 286 1442 ἐσχεδιάζοντο
309 1357 517 1441 πολυάνδρια,
540 1359 631 1442 ἡλίου
651 1361 830 1444 ἐφορῶντος
852 1356 874 1422 οἳ
894 1359 937 1442 μή
963 1359 1104 1444 ἔπρεπεν.
1130 1360 1161 1426 οἱ

63 1462 103 1524 δὲ
129 1462 163 1522 έν
185 1468 255 1535 ταῖς
279 1461 391 1535 οἰκίαις
412 1463 589 1544 παρέμενον
612 1461 724 1535 αύταῖς
744 1463 789 1535 εἰς
811 1461 1049 1538 οἰδιεξδδεντον·
1105 1462 1163 1526 καί

63 1557 127 1621 orla
150 1552 188 1642 ἦν
206 1557 483 1640 εύρέσδαιλοίκιάν
504 1558 543 1642 ἢν
566 1560 659 1624 οἰκοῦν
680 1553 848 1642 ἄνθρωπος
880 1557 1014 1646 ἤλεὴδρ,
1031 1561 1110 1646 πλὴν
1132 1566 1162 1627 εἰ

61 1656 110 1742 μῆ
139 1651 203 1742 ἄρα
223 1659 345 1741 πλῆθος
365 1653 449 1740 εἶχεν
470 1659 487 1722 ri
509 1653 600 1734 οἰκος.
641 1661 761 1723 ἐκείνου
782 1658 841 1742 γὰρ
862 1657 892 1724 οἱ
911 1665 970 1740 μέν
988 1684 1070 1736 τινες
1089 1659 1162 1725 ἐπι-

62 1779 146 1822 πτου
168 1754 250 1837 ἐστο,
282 1751 328 1832 οἷς
355 1758 409 1820 καί
429 1753 510 1842 ἦσαν
532 1756 565 1823 αἱ
588 1761 683 1822 οἰκίαι
717 1759 822 1823 αύιοῖν
843 1757 939 1844 rapot
961 1760 1077 1844 αύτοῑν,
1102 1787 1162 1824 πα-

18 1865 51 1918 15
64 1861 216 1940 ραθεῖναι
231 1854 276 1920 ·τό
300 1856 519 1938 ψαλλόμενον·
569 1855 598 1920 οἱ
620 1859 656 1922 δέ
688 1861 909 1940 διεκχυδέντες
934 1863 979 1935 εἰς
1002 1860 1106 1944 φυγήν
1125 1867 1162 1946 τῇ

61 1960 126 2020 τοῦ
149 1957 288 2036 πολέμου
308 1953 390 2044 τύχῃ
405 1956 595 2022 ἐνεδίδοντο.
637 1956 694 2021 καί
706 1963 782 2033 τέως
797 1959 856 2038 μέν
878 1955 1117 2024 intertisam
1132 1959 1163 2024 οἰ

62 2052 271 2140 ῥιπτόμενοι·
314 2055 429 2139 μικρὸν
463 2058 498 2120 δέ
519 2049 594 2120 ὅσον
613 2059 675 2121 raia
708 2058 865 2136 πολεμίων
894 2053 1075 2142 ρἀισάντων
1105 2061 1162 2140 τῆς

63 2150 151 2237 ἄγαν
182 2156 378 2238 ἐντρεχειάς,
407 2154 461 2218 καί
480 2153 719 2234 ύποπαιζδντων
752 2153 934 2239 πικρότερον
956 2155 1035 2221 acroi
1056 2162 1161 2240 γαίας,

64 2250 86 2314 ὃ
112 2251 151 2335 δὴ
173 2256 305 2341 λέγεται,
334 2256 461 2338 κωφῆς,
497 2257 551 2318 καί
570 2249 693 2337 ἑτεροῖα
727 2265 895 2340 νεκριμαῖα
918 2257 1085 2338 ἐπέκειντο,
1108 2263 1164 2321 καί

15 2350 82 2420 2οὅ
107 2356 167 2432 μέν
187 2377 236 2426 τις
257 2350 365 2437 νεκρὸς
387 2348 556 2435 ἄνθρωπος
583 2346 646 2442 ὅνῳ
668 2357 799 2442 κειμένῳ
820 2353 1038 2439 συνεδυύζετο,
1058 2361 1162 2438 ἕτερος

63 2455 104 2516 δέ
126 2449 205 2516 κύνα
230 2448 295 2536 εἰχε
317 2452 620 2537 συμπαρακείμενον.
674 2454 727 2517 καί
746 2451 865 2518 τούτων
886 2455 925 2518 τύ
949 2459 1047 2518 πλείιο
1067 2479 1162 2520 κατα-

62 2556 266 2632 πεποιγμένα
287 2546 369 2635 ἦσαν
392 2550 435 2626 ὥς
458 2555 504 2627 εἰς
525 2551 669 2617 διάθεσιν
700 2557 882 2636 συμπλοκῆς
904 2554 959 2618 καί
978 2555 1163 2640 φιλήματος.

63 2645 163 2725 ἄλλος
183 2649 263 2731 ἐμοῦ
293 2645 332 2736 ἦν
354 2652 492 2739 αἰλούρῳ
521 2655 712 2740 κατοικιδίῳ.
766 2654 841 2716 aaut
870 2652 1020 2719 τοιούτων
1043 2655 1103 2739 γοὶρ
1126 2655 1160 2720 ro*
1184 2696 1186 2708 ·

63 2935 160 2986 dinem
191 2931 288 2998 ingrati
306 2931 409 2989 aniani,
427 2938 457 2982 ut
476 2930 566 2982 dicere
589 2931 824 2993 audeat,·inanem
843 2951 871 2986 se
895 2933 928 2985 ab
951 2951 984 2984 eo
1001 2942 1095 2986 sancto
1121 2934 1162 2985 di-

63 3005 181 3058 scedere
200 3004 255 3056 sive
272 3003 372 3054 victum
399 3002 455 3054 aive
473 3018 515 3053 res
536 3004 602 3052 elias
625 3005 766 3071 rogaverit.

142 3073 214 3126 Haec
231 3075 269 3124 ita
296 3074 408 3124 anobis
435 3073 558 3124 modeste
579 3073 702 3143 profecto
733 3091 783 3126 nec
801 3084 908 3144 praeter
932 3091 985 3126 rem
1003 3075 1164 3143 interposita

64 3153 162 3200 sunto.
198 3143 306 3196 barbari
325 3153 415 3196 autem
435 3151 521 3195 totam
541 3143 635 3195 urbem
656 3143 817 3213 implebant,
837 3163 852 3196 a
872 3155 951 3216 porta
971 3146 1098 3196 orientali
1116 3163 1164 3196 ex·

64 3218 134 3280 orsi,
153 3215 347 3284 metebantque
366 3215 448 3277 cives,
464 3222 492 3266 et
509 3231 615 3268 acervos
642 3216 816 3268 cumulabant
835 3217 936 3268 crebris
954 3215 1084 3266 iaciendis
1106 3234 1164 3267 rnu-

63 3287 191 3357 nipnlis,
219 3285 319 3356 quibus
343 3285 427 3336 Orcus
457 3286 555 3354 repleri
583 3287 665 3354 cupit.
713 3287 762 3356 qui
789 3303 839 3354 ρει·
860 3288 932 3338 vicos
951 3286 1099 3352 fugiebant,
1118 3305 1164 3339 oc-

64 3357 233 3411 cidebantur
250 3357 280 3407 in
299 3357 341 3418 iis,
361 3356 496 3424 simulque
518 3358 628 3427 spoliati
646 3354 713 3408 nudi
739 3357 873 3420 iacebant,
894 3365 924 3409 ut
940 3357 1002 3409 viae
1021 3353 1111 3409 subilo
1134 3360 1164 3410 in

64 3429 162 3482 tristia
183 3426 324 3478 hominum
348 3427 455 3478 comitia
473 3435 651 3491 mutarentur,
670 3426 839 3496 adspicientes
858 3427 931 3489 sole,
950 3443 1020 3496 quae
1038 3444 1094 3478 non
1113 3427 1165 3478 de-

64 3501 181 3563 buerat3
196 3498 243 3569 qui
260 3505 352 3550 autem
370 3497 530 3549 insedibus
550 3506 636 3561 erant,
655 3497 833 3550 remanebant
852 3499 882 3549 in
895 3499 929 3549 iis
942 3500 1004 3566 luga
1022 3499 1164 3566 praeclusi,

65 3589 123 3623 nec
143 3576 200 3621 erat
216 3568 321 3632 domus,
342 3569 417 3619 cuius
436 3568 544 3620 incolae
560 3577 722 3638 parceretur,
742 3571 794 3620 nisi
815 3585 939 3635 magnum
957 3584 1085 3620 numerus
1106 3587 1164 3620 eam

66 3649 188 3694 teneret.
235 3641 282 3690 alii
312 3640 385 3692 enim
408 3639 479 3690 intra
508 3640 625 3709 parietes
651 3639 795 3707 peribant,
816 3639 916 3708 quibus
937 3638 1047 3708 quidem
1069 3639 1165 3692 domus

65 3729 122 3782 pro
144 3710 266 3780 sepulcro
288 3719 353 3774 erat,
373 3717 403 3760 ut
419 3709 509 3760 verbis
527 3711 682 3780 psalmistae
708 3719 783 3776 utar3
804 3710 861 3772 alii,
883 3711 930 3781 qui
949 3710 1015 3760 soris
1039 3710 1101 3778 fuga
1121 3727 1165 3761 sa·

66 3785 159 3842 lutam
186 3780 373 3852 quaerebant,
392 3779 518 3832 fortunae
549 3781 617 3834 belli
638 3779 781 3833 dabantur.
827 3789 856 3834 et
871 3780 1037 3850 aliquamdiu
1056 3777 1166 3850 quidem

68 3854 197 3904 homines
217 3853 298 3904 occisi
316 3853 415 3920 passim
433 3850 576 3918 iacebant3
601 3851 649 3902 sed
668 3869 744 3914 moa,
763 3869 846 3922 quum
862 3851 954 3904 hostes
979 3851 1013 3902 ab
1033 3852 1166 3904 incursio-

66 3925 114 3977 nis
136 3925 239 3994 impetu
260 3923 440 3984 remisissent,
462 3931 491 3974 et
509 3923 671 3974 insolentius
696 3932 798 3985 terrae,
814 3931 846 3973 ut
863 3924 948 3986 aiunt,
967 3931 1056 3974 mutae
1081 3923 1168 3973 insul-

68 4002 182 4057 tarent,
209 4002 266 4046 tum
286 3994 391 4063 reliqua
411 3993 523 4044 mortuis
540 3993 668 4044 cadavera
696 3992 906 4057 inliciebantur,
925 4001 983 4044 tum
996 3993 1066 4044 alius
1085 3993 1166 4044 homo

68 4059 176 4117 occicus
196 4082 255 4116 cum
274 4064 405 4116 cadavere
423 4065 491 4115 asini
506 4064 696 4133 copulabatur,
714 4059 783 4114 allus
801 4081 894 4116 canem
910 4066 1010 4115 socium
1032 4063 1167 4116 habebat:

69 4145 101 4187 et
119 4153 151 4186 ea
174 4135 285 4204 quidem
307 4135 439 4204 pleraque
458 4152 505 4204 par
523 4133 672 4186 ludibrium
692 4135 768 4204 quasi
786 4134 821 4185 ad
840 4135 994 4206 amplerum
1013 4135 1058 4186 vel
1076 4135 1167 4187 oscula

68 4207 222 4276 coruposita
242 4215 337 4258 arante
358 4206 426 4256 alius
450 4223 538 4257 rursru
558 4223 617 4257 cum
643 4207 697 4258 lele
718 4205 882 4259 doruestica:
910 4221 1024 4258 namne
1044 4207 1084 4258 bis
1105 4207 1168 4276 qui·
1247 4222 1249 4225 ·
