2814 4898
183 319 187 330 ’
275 348 351 424 οοο
599 351 803 422 sermon
831 351 1031 422 moturus

275 501 313 572 όν
334 529 405 572 τινα
425 505 550 572 Ὑλιλάν
581 503 792 588 ἒπωνόμαζον,
815 500 859 581 τός
878 507 959 580 τινός
980 527 1098 591 φασιν,
1120 503 1341 594 ἑρμηνευόμενον

173 607 432 692 ΜθόἜβραῖστί
454 607 579 688 λέγεται
599 602 779 692 πρόδρομος
798 607 853 670 καὶ
865 605 1018 688 συνεργός
1038 610 1096 670 τοῦ
1117 609 1270 690 όιαβὸλου.
1284 619 1342 678 τοῦ.

274 727 328 772 τον
362 703 588 787 ἐπιλαβόμενος
620 707 737 789 Λόων,
767 704 822 770 rui
853 703 1145 786 ἀνακοινωσάμενος
1179 708 1272 786 αότός
1297 711 1326 795 τῆ

273 799 392 870 ἑαυτοῦ
411 805 552 888 βουλήν,
583 803 796 890 προσελάβετο
826 803 923 869 αὐτόν
955 804 1106 888 συνεργόν
1135 807 1342 893 αότοό,λέγων

272 899 323 969 ότι
343 902 401 970 ἐάν
422 901 608 992 συνόράμης
626 925 683 985 μοι
702 907 848 968 καθελεῖν
877 901 935 978 τάς
955 901 1087 990 εἰκόνας,
1110 910 1300 996 πατριάρχηυ
1315 931 1359 987 οες

272 1009 362 1070 ποιά.
405 1003 460 1068 καί
481 1002 616 1088 αἰτήσας
637 1005 715 1085 παρ’
739 1001 841 1068 αὐτοῦ
860 1005 1006 1080 ἐξουσίαν
1026 1007 1087 1068 τοῦ
1105 1011 1294 1094 ψηλαφῆσαι
1311 1008 1342 1074 τό

271 1105 459 1187 α’πανταχοῦ
470 1101 589 1168 παλαιά
605 1101 724 1189 βιβλία,
744 1099 825 1188 άπερ
840 1100 1024 1168 α’πόκεινται
1042 1107 1089 1180 εἰς
1106 1103 1146 1172 τό
1166 1107 1343 1192 μοναστήροο

272 1205 329 1270 καὶ
346 1204 391 1280 εἰς
410 1202 470 1279 τάς
492 1203 677 1288 ἐκκλησίας,
697 1200 856 1286 ἐπετράπη
874 1199 957 1284 μετὰ
977 1209 1033 1268 καί
1052 1197 1156 1271 άλλων
1175 1213 1266 1273 τιοοόν
1283 1205 1345 1272 οἰτό-

271 1327 355 1369 κτων
382 1302 437 1368 καὶ
464 1297 679 1368 άπαιόεότων.
736 1301 792 1366 καί
811 1299 850 1385 dri
881 1302 1114 1388 συναγαγόντες
1134 1304 1242 1392 πλήθη
1262 1304 1342 1372 πολλά

269 1405 403 1486 βιβλίων
424 1404 584 1473 ἐποιοῦντο
615 1403 649 1466 ἒν
680 1402 790 1475 αὐτοῖς
810 1401 869 1484 τήν
893 1399 1035 1487 ἔρευναν,
1058 1403 1138 1488 πλὴν
1161 1406 1255 1470 ον’όόυ
1273 1401 1372 1490 πόρνη]

269 1525 344 1568 σκον
370 1499 401 1566 οἱ
432 1491 569 1586 άφρονες
595 1492 696 1583 ὦνπερ
727 1499 819 1564 πότοι·
839 1497 1020 1583 κακοόργως
1037 1501 1224 1588 ἐπεζήτουν,
1245 1505 1299 1579 ἕως
1316 1494 1344 1566 oi

239 1601 348 1682 Βμετό
372 1610 485 1685 χεῖρας
505 1597 620 1682 ἔλαβον
640 1604 685 1689 τῷ
704 1601 858 1687 συνοόικηῖ
879 1604 1122 1666 Κωνσταντόνοσ
1143 1608 1201 1667 τοῦ
1217 1604 1345 1683 Ἰσαόροο

226 1704 323 1780 naui
352 1700 409 1766 καὶ
426 1703 652 1783 Καβαλλίνου,
675 1701 732 1764 καί
751 1697 918 1765 inserirur
939 1697 996 1776 τάς
1019 1701 1124 1784 α’ρχάς
1144 1703 1288 1787 λαβόντες
1303 1696 1346 1786 ἦρ.

271 1805 364 1878 ξαντα
384 1802 440 1864 καί
460 1800 494 1864 ἐν
513 1805 579 1872 τοῖς
598 1799 732 1880 βιβλίοις
753 1798 909 1883 εὑρίσκειν
936 1796 994 1874 τάς
1012 1803 1157 1884 χρήσεις,
1180 1799 1281 1888 ἅσπερ
1300 1801 1347 1866 αό-

268 1898 322 1970 ror*
341 1895 491 1986 α’φρόνως
518 1900 574 1962 καί
591 1897 731 1980 μ’νοὴτως
759 1901 943 1985 προέφερον,
966 1899 1108 1984 σημάόια
1128 1899 1292 1982 βάλλοντες
1312 1902 1374 1980 sitq

269 1996 343 2074 τοός
372 1999 489 2075 τόπους
518 1995 599 2062 ἔνθα
627 1992 797 2083 ηὕρισκον,
816 1996 1004 2080 βουλόμενοι
1034 2009 1143 2065 πεῖσαι
1162 2001 1218 2068 τόν
1236 1997 1346 2088 άφρονο

269 2095 346 2164 λαόν
367 2091 416 2162 ότι
433 2101 467 2162 ἐν
487 2103 635 2194 παλαιοῖς
655 2093 791 2179 βιβλίοις
812 2093 948 2180 εόρομεν
968 2099 1026 2162 τοῦ
1043 2097 1088 2181 μή
1112 2105 1348 2183 προσκυνεῖσθαι

268 2193 328 2273 τάς
347 2193 479 2273 εἰκόνας.
522 2198 578 2261 καί
593 2195 703 2260 λοιπόν
724 2195 903 2280 ζητούντων
921 2196 977 2262 καὶ
996 2195 1101 2281 ἕτερον
1125 2197 1241 2282 ἔχοντα
1257 2219 1347 2284 χειρο-

268 2297 377 2362 τονίαν
399 2297 577 2383 ἐπίσκοπον,
598 2289 693 2380 εὗρον
713 2300 963 2377 Κωνσταντῖνον,
985 2295 1055 2362 υἱόν
1075 2303 1288 2384 πρεσβυτέρου
1307 2321 1348 2361 u·

227 2392 324 2478 12100'5
345 2397 555 2482 τζαγγαρόου,
585 2400 640 2461 καί
658 2399 846 2478 Κεισνματᾶ
872 2394 1019 2477 μαθόντα
1047 2395 1104 2480 τη“ν
1130 2394 1374 2482 γραμματικήν,ηο

246 2501 325 2565 ’καὶ
343 2501 476 2583 γέροντα
497 2494 626 2577 νομικόν
647 2499 693 2572 εἰς
711 2494 749 2562 τά
767 2495 952 2581 Σφορσκίου
973 2497 1029 2562 sat
1048 2497 1221 2577 διδάξαντα
1239 2501 1346 2580 παιόίο,

239 2600 325 2676 crui
346 2600 388 2662 δι’
410 2593 590 2681 ἐγκλήματά
612 2617 685 2660 τινα
708 2594 853 2682 φυγόντα
884 2599 918 2661 όν
935 2599 1138 2686 μοναυτηράρ
1158 2600 1215 2662 καὶ
1234 2598 1347 2663 ἀποκει-

342 2794 367 2842 1.
387 2785 434 2863 ὥς]
452 2791 533 2844 τοῦτο
553 2785 592 2852 tr,
611 2781 670 2850 uir?
759 2784 785 2838 4.
805 2781 882 2858 mimi
900 2785 983 2840 Comb

269 2983 426 3040 praecursor
454 2975 482 3019 et
507 2965 612 3020 diaboli
637 2965 752 3017 adiutor.
802 2965 867 3018 hnic
893 2965 947 3018 sibi
967 2973 1121 3038 assumpto,
1139 2971 1168 3020 et
1184 2967 1345 3019 consiliomn

270 3056 379 3092 suorum
395 3040 519 3110 participi
539 3039 609 3090 facto
627 3045 655 3090 et
668 3038 838 3108 cooperatori
858 3037 996 3102 instituto,
1016 3038 1083 3090 dicit
1101 3039 1157 3090 Leo
1177 3039 1218 3089 “si
1237 3036 1345 3090 delendis

269 3110 430 3180 imaginibus
450 3110 606 3161 auxiliarem
624 3124 732 3158 manum
747 3107 915 3178 praebueris,
932 3108 1110 3178 patriarcham
1124 3116 1153 3160 te
1171 3109 1345 3161 renuntiabo.”

268 3183 318 3234 ille
336 3180 508 3235 visendorum
530 3181 712 3249 undequaque
728 3187 849 3232 veterum
875 3179 1005 3231 librorum
1023 3197 1072 3250 per
1087 3181 1251 3231 monasteria
1269 3187 1295 3230 et
1311 3194 1346 3227 eo-

268 3253 363 3304 clesias
389 3254 567 3321 repositorum
588 3249 717 3301 facultate
735 3250 821 3322 petita
830 3288 840 3314 ,
858 3266 918 3300 cum
936 3251 998 3302 aliis
1017 3249 1178 3321 quibusdam
1195 3251 1294 3303 mentis
1310 3249 1345 3299 in-

267 3324 432 3394 compositae
455 3333 483 3374 et
500 3321 638 3374 illiteratis
660 3321 814 3383 comitibus,
832 3319 907 3390 quod
926 3322 1052 3392 petierat,
1071 3321 1234 3390 impetravit.
1272 3320 1347 3372 colle·

266 3401 309 3448 cta
328 3395 420 3465 itaque
438 3393 569 3446 librorum
588 3393 717 3444 immensa
734 3390 910 3443 multitudine
929 3407 1041 3444 examen
1060 3390 1093 3442 de
1110 3391 1167 3443 lllis
1186 3391 1344 3444 habuerunt:

265 3483 358 3518 verum
384 3481 476 3516 eorum
502 3481 573 3535 quae
599 3463 726 3531 nequiter
746 3462 931 3532 exquisierant
956 3461 1027 3514 nihil
1044 3463 1154 3533 penitus
1172 3462 1345 3533 imprudentes

266 3545 432 3608 repererunt,
451 3536 537 3586 donec
555 3535 584 3587 in
601 3549 695 3586 manus
714 3535 787 3585 venit
808 3531 924 3600 synodus
953 3532 1002 3584 sub
1022 3533 1200 3586 Constantino
1219 3536 1308 3584 isauro
1324 3537 1346 3580 et

265 3607 407 3658 Caballino
430 3605 540 3668 habita,
565 3623 598 3658 ex
623 3619 676 3674 qua
701 3605 842 3656 occasione
866 3611 975 3672 accepta
1000 3612 1150 3674 coeperunt
1166 3604 1195 3656 in
1214 3604 1289 3654 libris
1305 3617 1345 3650 au-

267 3679 405 3729 ctoritates
433 3678 553 3728 invenire
564 3715 572 3741 ,
599 3691 665 3748 quas
684 3675 780 3742 synodi
801 3682 922 3725 auctores
946 3674 1131 3746 imprudenter
1149 3682 1177 3726 et
1196 3675 1346 3742 insipienter

265 3747 469 3819 depromebant.
507 3745 606 3800 deinde
624 3746 705 3812 signis
724 3745 756 3796 ad
775 3746 834 3797 loca
852 3753 957 3814 reperta
976 3745 1108 3815 appositis
1128 3745 1277 3816 simplicem
1297 3753 1345 3793 tur·

265 3817 328 3874 batn
348 3818 477 3870 seducere
499 3819 588 3870 moliti
609 3823 681 3877 sunt,
701 3817 819 3868 dicentes
839 3823 890 3867 “ex
912 3817 1049 3867 veteribus
1070 3815 1146 3868 libris
1165 3833 1220 3867 non
1240 3815 1346 3867 adoran-

265 3889 312 3940 das
329 3890 457 3956 imagines
476 3889 648 3962 reperimus.'’
685 3888 806 3939 examine
827 3885 998 3956 postmodum
1016 3885 1119 3950 habito,
1141 3886 1165 3938 si
1184 3903 1266 3956 quem
1283 3883 1346 3936 ordi·

264 3959 345 4012 nibus
361 3961 520 4027 insignitum
534 3976 617 4031 penes
632 3975 659 4010 re
680 3960 908 4022 nanciscerentur,
924 3959 1078 4028 episcopum
1098 3965 1258 4026 repererunt
1270 3971 1346 4026 quen-

265 4030 327 4082 dam
345 4031 562 4096 Constantinum,
580 4029 730 4099 presbyteri
749 4028 848 4081 sutoris
872 4029 974 4092 filium,
995 4037 1022 4082 et
1043 4029 1205 4080 Cazimatarn
1227 4041 1346 4096 gramma-

265 4102 335 4153 ticae
354 4103 542 4172 professorem,
562 4111 590 4153 et
607 4102 794 4170 legisperitum
818 4099 953 4170 quendam
971 4099 1005 4150 ad
1025 4099 1145 4151 Phoracii
1166 4098 1247 4150 aedes
1265 4098 1345 4149 direr-

265 4181 369 4224 santem
387 4170 609 4240 ludimagistrum,
631 4175 676 4242 qui
696 4171 836 4222 criminum
855 4169 908 4222 sibi
927 4169 1094 4222 obiectorum
1113 4185 1228 4239 poenam
1247 4169 1344 4236 fugiens

264 4244 295 4298 iu
312 4243 504 4296 monasterium
534 4244 694 4308 diverterat,
721 4251 749 4294 ct
768 4243 898 4295 detonsus
916 4257 1016 4294 nornen
1035 4248 1215 4312 assumpserat
1232 4237 1344 4298 Antonii,
