2834 4898
294 307 368 387 τοο
623 317 777 384 neonis·
795 313 1056 381 catumeum
1101 377 1105 396 k

298 469 425 551 νόμενος
444 473 502 534 aori
515 470 571 554 ζῆν
591 465 768 553 άπηλλάγη.
815 471 1052 539 Κωνσταυιϊνος
1072 461 1149 528 δέἰλ
1173 469 1303 550 Τοξαριλς
1321 473 1355 544 εἰς

301 565 546 650 Κιβυρραιοάτας
559 570 814 652 σπαθοκοπηθεῖς
832 569 970 654 τελευτᾷ.
991 565 1046 628 καί
1062 565 1229 650 Μαριαυός
1247 563 1261 630 ἐ
1280 571 1355 632 ‹ttet-

298 668 359 755 φάς
379 672 436 738 τοῦ
467 671 624 752 βασιλέως
653 671 716 734 τῶν
738 670 843 732 ποδοῖν
864 665 1056 750 συντριβεῖς,
1077 667 1110 728 ἐκ
1130 669 1187 728 τοῦ
1207 669 1296 731 ἲππου
1315 691 1355 732 πε-

296 769 371 848 σιάν,
394 771 447 832 καί
465 770 523 831 τοῦ
541 765 636 842 ποδὸς
657 769 808 843 σαπέντος
831 765 965 849 σκάληξι
985 765 1122 852 τελευτᾷ.

371 866 408 934 ‘O
430 867 625 949 δέβασιλεάς
638 855 805 951 πρόελθάν
825 865 859 931 ἑν
880 863 919 949 τῇ
938 863 1041 952 ἡμέρη
1061 867 1121 928 τοῖν
1143 865 1283 948 Χριστοῦ
1302 868 1373 948 γέν-5

297 991 360 1032 νων
383 968 417 1032 ἐν
437 970 477 1052 τῇ
503 965 686 1051 προελεάσει
716 965 761 1038 εἰς
788 961 845 1046 την
865 962 1003 1048 μεγάλην
1032 962 1198 1048 ἐκκλησίαν
1218 963 1357 1046 ἐβάπτισεν

299 1069 460 1152 Στέφανον
481 1062 551 1129 υῖὸν
577 1065 696 1137 adreci„
739 1060 866 1146 ἀγαγών
886 1064 922 1127 δὲ
942 1063 1058 1137 ῖππους
1078 1059 1209 1137 λευκοάς
1224 1063 1298 1144 μετά
1315 1062 1358 1146 dp.

267 1177 291 1231 D
298 1187 396 1248 ματος
427 1164 575 1230 ἐκάθισεν
604 1159 673 1244 άμα
705 1163 745 1247 τῇ
763 1160 951 1249 Αάγοάστη,
976 1165 1033 1226 κατ’
1058 1159 1077 1223 o‘
1098 1159 1359 1246 uuaruicenses

302 1265 411 1339 adroic
423 1261 551 1346 Βαάνης
572 1261 739 1344 βαστάζων
760 1255 798 1344 ἦν
820 1259 854 1327 τά
875 1265 1000 1326 παιδίον
1021 1265 1117 1345 μέχρι
1139 1261 1198 1325 τοά
1219 1267 1358 1348 παλαιῖου,

301 1368 359 1430 τοῦ
378 1365 533 1446 βασιλέως
554 1361 717 1448 ρι’πτοντος
737 1357 892 1426 άπατείαν
902 1364 935 1426 ἐν
953 1365 991 1447 τῇ
1011 1357 1086 1452 idai.
1366 1388 1385 1437 tt

380 1465 512 1546 Ἐγένετο
532 1465 568 1527 δέ
588 1461 718 1542 σεισμὸς
731 1465 788 1526 τοῦ
806 1461 897 1544 άγῖου
911 1461 1116 1530 Πολυεύκτου
1130 1461 1283 1548 μέγιστος,
1298 1457 1359 1529 cisra

299 1560 354 1647 την
373 1565 429 1647 γῆν
451 1565 595 1628 σείεσθαι
615 1563 669 1627 ἐπὶ
688 1549 918 1643 τεσάαράκοντο
938 1560 1057 1646 ἡμέρας
1079 1564 1134 1628 κατ’
1152 1563 1359 1650 τεσσαράκοντα

301 1661 435 1736 κάκτος·
476 1659 567 1727 ἐπεσε
591 1663 626 1728 di
647 1658 714 1726 τότε
735 1664 790 1725 καί
810 1657 828 1744 η’
852 1669 975 1746 σφαῖρα
999 1665 1057 1725 τοῦ
1076 1664 1178 1742 ζεόδσυ
1201 1668 1258 1729 τοῦ
1280 1661 1359 1750 φόρου

301 1764 357 1841 κατ’
375 1764 430 1850 τῆς
458 1760 633 1847 άπεραηιάς
665 1754 812 1824 θεοτάκου
847 1759 880 1824 τὰ
902 1764 1019 1847 σῖγμα,
1052 1757 1132 1842 ὥστε
1162 1763 1280 1838 πάντας
1307 1759 1360 1833 aad<

302 1861 479 1944 ψάλλοντος
509 1862 608 1927 ἐκεῖσε
627 1862 824 1944 τελευτῆσαι.
874 1862 968 1925 Λέων
990 1862 1025 1926 δὲ
1047 1859 1064 1924 ri
1088 1861 1263 1949 φιλόσοφος
1280 1857 1385 1942 arguett

303 1961 403 2025 ἐκεῖσε
437 1957 540 2045 ἔλεγεν
571 1967 633 2034 τοῖς
662 1959 840 2042 ψάλλουσιν
866 1960 922 2022 καί
950 1962 1046 2025 πάσιν
1076 1971 1141 2036 τοῖς
1168 1956 1256 2027 οὖσιν
1285 1965 1360 2026 ἐκεῖσε

257 2126 259 2150 Ι
304 2062 443 2138 ἐξελθεῖν
466 2063 522 2142 τῆς
551 2063 736 2144 ἐκκλησίας·
789 2055 818 2122 οῖ
839 2055 937 2140 δὲμὴ
960 2062 1139 2136 πεισθέντες
1160 2062 1246 2150 αὐτῷ
1265 2081 1360 2126 συνετε-

206 2185 234 2238 ρ,
244 2181 295 2235 471
305 2163 462 2244 λε’σθησαν
482 2154 629 2250 ἅπαντες.
672 2157 768 2234 αὐτὸς
790 2159 825 2220 δὲ
845 2156 862 2221 o‘
883 2157 1058 2244 φιλόσοφος
1079 2161 1125 2234 εἰς
1144 2163 1229 2224 ια’σνα
1248 2161 1304 2224 άπὸ
1321 2183 1361 2224 ου-

263 2254 474 2343 58στημάτιον
508 2260 636 2331 οταθεῖς
661 2249 894 2341 μετά’ἐτέρους
923 2256 981 2322 daie
1013 2258 1167 2344 διεσώθη,
1209 2264 1262 2326 κατ’
1287 2264 1361 2342 ἕτερον

306 2359 394 2422 πέντε
414 2356 505 2437 μόνοι
525 2354 671 2444 ὑποκάτω
694 2360 750 2421 τοῦ
771 2351 924 2436 άμβωνος.
1365 2371 1385 2424 20

306 2517 308 2524 ,
391 2458 511 2532 Φάυιος
543 2455 618 2522 att
648 2457 848 2540 πατριάρχης
878 2453 1025 2532 ἐλθόντος
1043 2457 1103 2521 τοῦ
1122 2461 1274 2538 βασιλέως
1293 2455 1360 2540 ὲνη]

304 2557 453 2644 ’ἐκκλησίᾳ
480 2555 536 2621 καί
557 2559 727 2636 μέλλοντος
753 2553 852 2622 ου’τὸν
882 2563 1049 2640 κοινωνεῖν,
1070 2559 1180 2646 τοῦτον
1201 2555 1307 2646 ληστην
1325 2557 1360 2616 ια’

309 2837 444 2890 vermibus
466 2853 588 2890 corrosus
610 2839 698 2908 vitem
715 2837 813 2890 amisit.
855 2835 1047 2890 Constantinus
1067 2839 1186 2892 Toxaras
1204 2836 1274 2906 apud
1289 2833 1360 2900 Cibyr-

310 2907 433 2961 rbneotas
452 2907 547 2977 gladiis
565 2909 742 2961 comminutus
762 2908 852 2977 periit.
877 2908 1013 2961 Marianus
1031 2909 1200 2978 imperatoris
1218 2908 1296 2959 frater
1310 2919 1359 2972 equo

313 2980 404 3049 lapsus
422 2987 450 3031 et
463 2978 546 3049 pedes
566 2981 706 3044 contritus,
726 2979 811 3032 altero
825 2978 895 3050 pede
916 2977 1051 3031 vermibus
1069 2986 1250 3048 putrescente,
1269 2977 1359 3029 moritur.

381 3050 462 3102 Porro
480 3050 624 3119 imperator
642 3050 828 3103 natalitiorum
846 3049 942 3102 Christi
969 3051 1014 3102 die
1032 3050 1131 3101 celebri
1149 3067 1284 3118 processus
1299 3060 1361 3115 appa·

313 3129 371 3172 ratu
391 3119 424 3172 ad
444 3121 723 3190 magnam-ecclesiam
743 3122 900 3191 profectus,
917 3120 1081 3191 Stephanum
1102 3120 1189 3170 fitium
1207 3138 1280 3172 suum
1296 3115 1361 3182 bapti·

311 3193 390 3254 navit,
409 3200 437 3244 et
453 3194 529 3262 equis
549 3191 672 3244 candidis
697 3191 854 3244 adcurrunt
873 3193 971 3244 iunctis
998 3209 1055 3242 cum
1075 3193 1193 3258 Augusta
1211 3192 1239 3243 in
1259 3207 1288 3242 eo
1304 3185 1360 3238 redit·

310 3261 413 3314 Baanes
433 3271 523 3314 autem
541 3265 709 3333 praeponitur
739 3279 871 3314 unacum
895 3263 934 3314 eis
962 3261 997 3314 ad
1022 3263 1150 3330 palatium
1177 3279 1261 3333 unque
1277 3272 1360 3332 puerunt

310 3333 429 3403 gerebat,
446 3335 610 3405 imperatore
629 3350 677 3404 per
695 3334 768 3385 viam
786 3349 954 3385 nummorum
970 3350 1066 3384 munus
1085 3342 1235 3401 spargente.

381 3407 476 3473 Ingens
501 3413 590 3456 autem
609 3405 635 3456 S.
658 3405 796 3472 Polyeucti
823 3404 893 3456 festo
911 3411 997 3455 terrae
1018 3412 1105 3454 motus
1126 3395 1361 3463 excrescendo

310 3483 341 3527 ut
358 3473 454 3527 diebus
473 3475 650 3546 quadraginta
671 3482 699 3527 et
716 3475 840 3527 noctibus
861 3473 974 3526 totidem
993 3484 1063 3526 terra
1082 3483 1276 3526 concuteretur.
1308 3467 1361 3518 ‹teci-

312 3545 353 3598 dit
371 3553 435 3598 tunc
462 3548 525 3618 equi
548 3547 582 3598 ad
600 3547 687 3599 iorum
709 3547 789 3616 positi
809 3545 921 3615 sphaera
948 3554 977 3597 et
995 3545 1178 3597 sanctissimae
1196 3545 1240 3596 dei
1257 3536 1360 3612 genitrici

312 3618 409 3680 fornix,
427 3616 495 3670 adeo
512 3616 546 3668 ‘ut
565 3619 654 3669 cuncti
672 3616 706 3668 ad
723 3615 893 3688 psallendum
913 3617 1000 3668 coacti
1019 3617 1240 3686 opprimerentur.
1257 3615 1303 3664 heo
1317 3620 1361 3658 vero

311 3687 489 3756 philosophus
509 3687 611 3740 ibidem
630 3689 698 3740 iorte
719 3696 838 3758 repertus
859 3688 1014 3738 cantoribus
1034 3695 1062 3738 et
1079 3689 1193 3756 reliquis
1206 3685 1254 3738 sub
1272 3687 1361 3736 οοιλιο·

311 3757 383 3809 tibus
400 3767 430 3810 ut
449 3760 561 3810 ecclesia
581 3757 750 3810 discederent
767 3757 903 3810 monebat.
944 3758 984 3809 ilii
1012 3775 1073 3810 vero
1091 3759 1201 3810 minime
1221 3755 1361 3825 acquiescen-

312 3837 352 3880 tes
371 3847 425 3880 uno
452 3831 531 3880 simut
555 3831 609 3880 fine
635 3831 782 3898 perierunt.
827 3829 885 3898 ipse
911 3827 1089 3898 philosophus
1112 3829 1146 3879 ad
1174 3829 1312 3880 columnam
1329 3816 1361 3870 aab

312 3899 373 3950 aliis
392 3901 532 3971 structuris
550 3909 622 3952 stans
641 3911 701 3951 cum
719 3899 823 3952 duobus
842 3901 902 3951 aliis
920 3910 1039 3952 servatus
1057 3907 1106 3963 eat,
1119 3905 1233 3951 necnon
1245 3897 1287 3948 alii
1303 3889 1362 3963 quin·

313 3985 367 4040 que
380 3969 430 4021 sub
444 3969 559 4023 ambone
580 3973 648 4022 forte
667 3971 798 4022 sedentes.
1224 4007 1235 4020 „

383 4041 506 4093 Ceterum
519 4044 704 4111 imperatorem
717 4040 751 4091 ad
761 4040 900 4092 ecclesiam
912 4039 1082 4092 accedentem
1093 4047 1121 4091 et
1132 4040 1183 4092 iam
1196 4039 1245 4090 iam
1261 4043 1362 4110 sacrorup

313 4110 471 4181 participem
492 4112 611 4164 futurum
630 4113 793 4183 praedonem
812 4120 839 4162 et
858 4110 1019 4162 homicidam
1038 4127 1182 4182 sacraeque
1202 4104 1362 4159 commutans

315 4179 455 4250 indignum
474 4183 586 4238 Photius
597 4182 881 4256 patriarchavoeabatr
892 4183 941 4234 ille
954 4182 1045 4235 furore
1058 4184 1175 4252 percitus
1194 4184 1292 4234 Romam
1304 4169 1362 4226 mitit
