2932 4892
452 295 822 368 cflaottoetetttttt.
1128 285 1177 358 t3

102 449 291 533 Ἀντίπατρος
316 443 464 530 Ἦραόδοα
496 445 580 523 τινός
599 451 664 514 τιόν
695 449 729 514 όν
748 442 916 532 νεωκόροις
933 443 1180 530 ἀριθμουμένων

105 553 154 612 καί
172 551 230 612 τῶν
250 548 368 614 αότόθι
388 551 445 614 τοῦ
463 545 660 623 ’Λπόλλωνος
688 543 887 630 ἱεροδούλων.
927 546 1025 608 παῖδα
1047 546 1082 608 δέ
1103 533 1179 610 όντα

90 649 169 712 ’ποτὲ
188 643 241 712 τόν
259 646 463 730 Ἀντίπατρον
483 644 598 733 λησταί
617 641 856 728 ἀναρπάσαντες
870 637 1053 724 Ἰδουμαῖοι
1074 648 1180 707 κατεῖ·

104 769 163 826 χον,
181 744 276 825 tirus
298 744 379 830 ὑπὲρ
399 743 502 810 αότοό
522 749 702 831 κρατεῖσθαι
718 743 947 828 όπειληφότες·
989 746 1046 808 τοῦ
1060 743 1095 806 δὲ
1119 766 1179 804 ιτα-

85 842 168 928 5τρός
186 847 284 908 αὐτοῦ
312 845 357 919 εἰς
378 843 515 927 ἔσχατον
540 843 650 919 πενίας
672 840 855 928 ἐληλακότας
878 839 980 922 ἔμεινε
1001 837 1089 923 παρό
1111 845 1178 914 τοῖς

103 941 250 1025 όρπόσασι
270 941 427 1008 devie-deor
447 943 503 1010 καί
521 952 586 1020 τοῖς
607 935 734 1007 όκείνων
754 939 845 1006 ἔθεσι
864 937 1067 1027 τρεφόμενος.
1090 932 1180 1002 vivut·

103 1046 235 1123 ρεθὲντος
255 1043 292 1106 δὲ
312 1047 371 1108 ,τοῦ
388 1039 597 1127 Ἀντιπάτρου
631 1041 790 1130 φαρμάκῳ
812 1043 968 1128 βασκανίᾳ
987 1043 1043 1122 τῆς
1062 1039 1180 1120 πολλῆς

102 1140 290 1222 εόόαιμονίας
324 1140 387 1206 aiud
410 1142 574 1225 Βαλλίχοα
607 1141 692 1217 τινός
720 1141 895 1221 Ἰουδαίου,
927 1140 1128 1220 διαδέχονται
1149 1133 1181 1202 oi

102 1243 198 1316 παῖδες
217 1243 319 1306 αότοό
343 1240 403 1326 τὴν
422 1240 536 1326 α’ρχην,
552 1240 699 1326 Ἡριόδης
720 1241 774 1306 καί
793 1241 964 1316 Φαοόῖλος.
1007 1235 1063 1301 καί
1083 1235 1099 1298 ό
1120 1239 1180 1316 μὲν

71 1338 149 1422 toris
166 1340 353 1422 Ἰδουμαίαν
381 1341 446 1406 καί
463 1341 522 1424 τὴν
537 1340 761 1428 Ἱεροσόλυμον
795 1338 993 1425 ἐκληρώσατο
1012 1340 1080 1422 γῆν,
1101 1333 1118 1399 ό
1143 1339 1178 1402 δὲ

102 1437 147 1517 την
163 1441 320 1506 Ἰουδαίαν
349 1442 405 1506 καί
427 1443 612 1506 Γαλιλαίαν.
666 1438 758 1524 μνοός
780 1442 815 1504 δὲ
846 1437 889 1514 ὥς
905 1435 1056 1522 Ὑρκανός
1077 1432 1094 1500 ό
1115 1433 1177 1522 πρό

101 1537 188 1601 uisui
211 1535 405 1620 βασιλεόσας
436 1537 493 1605 τόν
520 1543 580 1605 τοῦ
608 1541 715 1620 Δαβίδ
736 1536 836 1624 τόφον
865 1538 993 1615 α’νοίξας
1014 1539 1178 1618 τρισχίλια

100 1632 180 1718 ἔλαβε
199 1639 348 1724 τάλαντα,
375 1634 479 1724 ἤνοιξε
501 1642 557 1704 καί
570 1637 678 1720 ον’τός,
699 1639 755 1703 ιιαί
765 1637 915 1722 χρήματα
930 1643 991 1719 μὲν
1011 1633 1071 1718 αόχ
1092 1629 1178 1721 εὗρε,

100 1729 256 1816 edouardi
277 1736 416 1822 χρόοεον
446 1736 503 1804 καί
522 1739 668 1822 κειμήλια
695 1735 796 1802 πολλοὶ
814 1738 964 1803 α’νείλετα.
1005 1739 1179 1817 πειραθέν-

69 1842 144 1907 15τος
160 1837 193 1900 δὲ
223 1839 327 1902 αότοό
354 1840 507 1928 ἐνδοτέρω
538 1845 665 1920 χωρεῖν,
700 1829 739 1902 οὗ
759 1840 798 1902 τόι
832 1837 966 1918 στόματα
985 1837 1094 1918 Δαβίδ
1125 1833 1181 1898 καί

100 1935 282 2014 Σολομαῐνιος
304 1938 468 2022 ἐτέθησαν,
499 1940 562 2022 πῦρ
585 1935 713 2014 ἐξελθὸν
735 1934 876 2001 δόσεων
898 1932 1087 2021 δορυφόρων
1111 1935 1178 1998 διό.

101 2035 209 2115 φθιιρε.
256 2033 421 2119 γενόμενος
453 2038 490 2100 δὲ
518 2036 573 2100 καί
601 2038 647 2112 εἰς
675 2034 733 2120 την
762 2035 925 2120 Αἴγυπτον
957 2033 1090 2108 'tautane
1123 2034 1180 2116 τῆς

100 2132 291 2218 Κλεοπάτρας
315 2135 462 2219 νρατόνει
483 2134 543 2218 την
563 2135 684 2222 α’ρχην,
707 2137 768 2200 ττόν
791 2135 1016 2215 ἐπιτιθεμένων
1036 2135 1180 2198 α’ναστεί.

101 2233 148 2303 λος
164 2229 216 2306 τός
236 2234 408 2316 ἐπιβουλάς
416 2282 427 2316 ,
448 2236 504 2298 καί
519 2231 558 2298 τό
579 2233 632 2298 ἐπί
655 2238 710 2318 τῆς
729 2235 884 2320 α’νατολῆς
906 2228 1032 2299 ἅπαντα
1056 2234 1178 2317 διοικη.

69 2325 218 2411 aestuans
238 2334 416 2418 ἐπανῆλθεν
436 2333 481 2411 εἰς
502 2335 561 2420 τη“ν
577 2334 712 2420 Ῥώμην.

439 2513 525 2574 Γάϊος
544 2510 661 2576 Ἰούλιος
687 2517 812 2585 Καῖσαρ.

169 2626 261 2706 Γάϊος
279 2628 415 2708 Ἰούλιος
440 2635 568 2717 Καῖσαρ
594 2633 798 2716 ἐβασίλευσεν
820 2625 875 2716 ἔτη
897 2625 925 2695 δ’
945 2631 1000 2694 καί
1017 2627 1120 2714 μῆνας
1141 2623 1177 2708 ζ’.

105 2815 142 2861 ten
162 2811 325 2867 Palaestinae
361 2825 562 2885 procuratorem
587 2817 664 2870 fecit.
712 2817 786 2870 filius
818 2822 908 2868 eutem
938 2823 996 2868 erat
1018 2813 1177 2884 Antipatro·
1215 2868 1217 2874 ,

105 2879 189 2934 llerodi
208 2885 356 2950 cuiusdam,
374 2889 420 2956 qui
441 2895 499 2940 erat
517 2905 549 2940 ex
568 2889 695 2952 aedituis,
714 2898 743 2940 et
760 2905 794 2940 ex
811 2887 945 2958 Apollinis
966 2887 995 2938 ia
1014 2901 1046 2936 ea
1066 2888 1177 2954 regione

106 2953 224 3006 ministris.
259 2955 332 3008 hiano
349 2957 521 3026 Antipatrum
535 2975 594 3010 oum
608 2976 676 3030 puer
693 2959 782 3010 adhuc
800 2966 872 3010 esset
888 2957 1037 3028 praedones
1056 2957 1177 3008 Idumaei

106 3033 232 3091 rapuerant
251 3036 280 3078 et
298 3028 475 3093 retinuerant,
495 3030 613 3100 pretium
625 3047 674 3099 pro
693 3045 726 3081 eo
744 3031 922 3100 postulantes.
960 3028 1067 3079 redacto
1087 3035 1179 3079 autem

107 3092 269 3148 adsummam
299 3108 486 3168 paupertatem
504 3109 600 3169 patre,
627 3117 717 3154 servus
739 3102 866 3154 remansit
897 3099 968 3167 apud
992 3106 1129 3168 raptores,
1150 3103 1181 3148 et

107 3162 217 3219 educatus
242 3176 284 3219 est
310 3186 403 3220 eorum
425 3170 553 3223 moribus.
599 3171 651 3222 iam
679 3187 739 3223 oum
757 3171 900 3232 Ballichas‚
921 3169 1034 3220 Iudaeus
1057 3167 1178 3238 quidam,

107 3231 186 3288 ductas
203 3237 304 3290 invidia
323 3257 435 3308 magnae
455 3241 611 3305 felicitatis,
629 3244 800 3312 Antipatrum
828 3258 934 3294 veneno
964 3238 1117 3301 occidisset,
1135 3254 1180 3288 re-

108 3318 174 3369 gnum
199 3325 323 3378 accepere
351 3312 401 3362 filii
428 3311 502 3362 illius
528 3311 648 3364 Herodes
675 3321 703 3364 et
723 3311 875 3374 Phasat'los,
893 3327 1006 3382 quorum
1027 3311 1095 3360 alter
1112 3305 1181 3360 ldu-

107 3387 191 3456 matam
210 3388 236 3431 et
258 3381 327 3431 eirca
346 3381 531 3448 Hierosolyma
548 3391 655 3445 terrain,
673 3384 742 3434 alter
759 3383 887 3434 Iudaeam
909 3391 937 3434 et
955 3382 1101 3434 Galilaeam
1122 3396 1181 3431 eor-

109 3451 161 3497 lttue
177 3459 220 3500 est.
240 3451 285 3501 ubi
306 3454 433 3520 cognovit
442 3453 603 3520 Hyrcanum,
624 3455 671 3524 qui
691 3461 753 3506 ante
768 3471 829 3506 eum
850 3461 1014 3523 regnaverat,
1036 3453 1065 3502 in
1084 3458 1178 3519 aperto

109 3513 200 3569 Doridis
219 3521 361 3590 sepulchro
392 3524 443 3574 tria
463 3525 536 3574 milia
567 3525 730 3576 talentorum
756 3525 900 3594 reperisse,
920 3525 977 3594 ipse
997 3523 1116 3592 aperuit3
1135 3527 1180 3571 at-

110 3602 152 3654 que
167 3594 300 3659 pecuniam
320 3593 432 3662 quidem
449 3595 552 3645 nullam
568 3595 682 3656 invenit,
701 3594 747 3646 sed
759 3604 882 3647 ornatum
897 3609 1006 3645 aureum
1025 3592 1179 3660 multasque

110 3664 279 3738 reslpretiosas
312 3663 377 3715 inde
407 3666 509 3716 sumsit.
557 3683 639 3735 quum
667 3681 730 3716 vero
751 3667 865 3719 ulterius
889 3673 1031 3735 penetrare
1052 3668 1180 3723 tentaret,

110 3725 264 3783 absolvistis
284 3742 312 3785 et
334 3735 498 3786 Solomontie
520 3751 631 3804 corpora
651 3735 776 3788 iacebant
793 3737 862 3806 ignis
888 3735 989 3804 prodiit
1008 3735 1180 3802 militumque

112 3793 166 3849 ditos
184 3804 332 3857 combussit.
378 3806 463 3857 lulius
483 3807 580 3858 Caesar
597 3806 626 3858 in
645 3807 794 3874 Aegyptum
817 3823 898 3876 quum
919 3807 1043 3868 venisset,
1062 3804 1180 3872 Cleopa-

115 3869 158 3916 trae
175 3887 275 3938 ragusam
299 3875 429 3939 firmavit,
448 3876 657 3928 adversariorum
677 3876 790 3929 insidias
817 3875 950 3940 defendit,
967 3884 1048 3947 atque
1067 3873 1182 3927 orientis

118 3934 179 3992 rebus
198 3943 232 3994 ita
249 3947 403 4016 compositis
419 3949 528 3999 Romam
549 3946 637 4000 rediit.
690 3949 698 3970 ‘

470 4065 554 4120 Calue
569 4065 661 4119 lutrae
681 4065 798 4120 Oeneae.

177 4167 243 4224 Caius
260 4175 343 4230 lulius
354 4177 450 4236 Caesar
467 4176 485 4230 t
502 4195 588 4232 annos
607 4187 635 4232 et
653 4179 668 4231 λ
688 4196 794 4234 menses
811 4177 941 4249 regnavit.
977 4179 1181 4254 ooguominetue
