2838 4902
262 285 335 356 376
684 285 938 350 EUSTATHlUS

262 438 481 515 αὐθεκάστους
510 437 552 502 τό
586 433 674 502 κοινοὶ
696 438 851 515 σίνεσθαι,
880 428 951 498 εἶτα
970 429 1009 515 δή
1034 421 1166 514 όλεθρον
1184 434 1215 508 ἐξ
1233 434 1334 498 ἐκείνου

262 543 505 623 προορωμένους
524 545 632 620 μισεῖν
656 537 700 612 τός
718 533 843 615 αἴτιον,
868 527 942 615 ἄρτι
962 534 999 596 di
1022 535 1078 596 καί
1100 529 1337 614 σόλοθρευμένους

262 641 385 704 έθέλειν
409 641 467 702 καί
487 662 519 702 τι
538 640 619 721 μέγα
649 635 746 700 κακόν
769 631 877 719 ἐκείνῳ
908 629 1163 716 προσβόξασθαι,
1186 630 1272 714 α’νόρὶ
1288 625 1338 696 άλ-

263 744 327 814 λως
349 740 408 819 μὲν
432 741 545 823 α’γαθηῖ
565 738 690 814 δόξαντι
715 736 771 818 (ov’
790 732 853 816 γάρ
882 731 1102 814 σκορακιστέον
1123 730 1160 793 τό
1183 728 1259 812 πρός
1275 733 1340 814 σ’λή·

263 832 392 922 θειαν)’,
427 830 473 911 οἷς
497 840 532 900 di
557 838 698 920 στρεβλῷ
726 833 835 897 κανόνι
866 829 1082 914 σννόιεγρόφη
1102 832 1147 915 τῷ
1167 832 1225 894 sori
1241 829 1365 894 ‹iconi-5

266 940 372 1014 ζοντος
391 936 605 1018 Ἀνδρονίκου,
627 934 695 999 ἀλλ’
717 935 862 998 ἐνταῦθα
885 924 1081 994 όιεκπεσόντι
1101 929 1135 1002 ἐς
1154 920 1256 1012 όκραν
1273 954 1345 1014 φαυ-

265 1035 405 1120 λότητα·
449 1028 522 1098 οὔτε
542 1034 604 1117 γάρ
628 1036 759 1116 α’γαπιόν
780 1025 818 1114 ἦν
837 1033 971 1112 ἐκεῖνον,
990 1027 1033 1102 ὥς
1052 1028 1347 1110 ὑποκαταβαίνοντες

265 1132 559 1220 παραστησόμεθα,
589 1126 661 1196 orire
694 1123 735 1194 αό
770 1127 992 1215 ἅγαποόμενος,
1024 1129 1079 1190 κατ’
1101 1119 1176 1191 οὔτε
1197 1131 1242 1201 εἰς
1262 1132 1349 1209 γέρως

265 1231 388 1299 ἔννοιάν
409 1259 479 1298 τινα
511 1230 680 1318 καθήκων,
699 1231 779 1296 otti
813 1231 868 1294 καί
887 1225 997 1310 ποινήν
1018 1225 1259 1312 προορώμενος,
1277 1224 1348 1308 άπερ

266 1331 344 1416 ήμῖν
363 1342 511 1418 φανεῖται
542 1335 758 1416 λυμηνάμενα.
809 1329 901 1394 τοόιό
925 1351 960 1392 τε
981 1319 1038 1392 οόν
1059 1324 1143 1391 osiaco
1164 1327 1284 1413 ῥητέον,
1302 1330 1351 1391 κατ’
1359 1337 1385 1388 10

267 1428 320 1496 ότι
340 1433 399 1495 οόκ
428 1428 468 1495 όν
488 1453 562 1496 ποτε
586 1427 764 1515 προστήσας
791 1429 828 1495 τό
852 1428 986 1517 φιλητόν
1016 1426 1075 1512 syo
1109 1427 1246 1495 κατόπιν
1271 1431 1352 1510 θειήν

266 1534 324 1617 τήν
345 1528 507 1615 α’λήθειαν,
528 1529 608 1596 α’λλό
629 1529 669 1596 τά
684 1529 886 1610 συμπεσόντα
904 1527 1138 1612 προβαλόμενος
1159 1529 1206 1602 εἷς
1225 1553 1353 1612 συγγρα.

269 1630 353 1716 φήν,
373 1625 411 1712 ἧς
441 1629 535 1714 όρετή
558 1631 592 1696 τό
614 1631 808 1715 φιλάληθες,
839 1629 897 1694 οόκ
918 1623 959 1694 όν
988 1625 1023 1694 τό
1043 1625 1158 1713 ταύτης
1178 1627 1355 1701 έπισκιόσσς

269 1733 340 1816 poia
361 1728 585 1812 α’χρειοόσαιμι·
626 1727 707 1795 κατά
730 1727 867 1812 μόριόν
888 1731 993 1813 ὀρθῶς
1016 1725 1261 1813 ἀποφηνάμενον
1272 1729 1354 1813 priua

270 1832 331 1910 μὲν
354 1828 372 1892 ό
393 1825 492 1915 α’νήρ,
522 1835 668 1916 φιλτερον
699 1832 736 1893 di
756 1827 791 1894 τό
820 1829 948 1913 ἀληθές.
998 1825 1046 1893 ἔτι
1069 1831 1106 1892 δέ
1126 1827 1388 1910 συνθεαρητέονιό

272 1929 328 1994 καὶ
360 1929 404 2004 τός
443 1928 674 2012 ἐγκωμιάζουσι
700 1931 759 2010 μὲν
778 1931 954 1994 έπελεκτόον
984 1922 1042 1993 ὅσα
1071 1929 1208 2012 χρηστά,
1230 1925 1284 1992 κατ’
1300 1951 1356 1990 που
1407 1989 1408 2000 ,

272 2026 329 2092 καί
347 2027 387 2093 τό
420 2031 530 2113 φαῦλοι
557 2032 802 2111 μεταχρωστέον
823 2026 1119 2113 όικηγορικιότερον,
1143 2028 1358 2112 συγγραφομέ-

272 2150 338 2204 νοις
360 2131 394 2194 όὲ
415 2127 460 2211 μή
483 2122 583 2205 οότως
602 2127 682 2192 otto
705 2130 938 2211 διαχειριστέον
951 2125 1026 2202 τοός
1046 2127 1157 2210 λόγους
1169 2127 1213 2203 aig
1232 2126 1267 2192 τό
1282 2127 1358 2208 tnta
1407 2127 1408 2130 ’

272 2224 414 2294 indotos
443 2229 561 2312 α’ληθὲς
586 2228 730 2292 α’παιτεῖ·
779 2225 859 2292 ἔνθα
889 2227 927 2291 osi
956 2227 1068 2312 καιρός
1103 2231 1305 2310 ἐπιλέγεσθαι
1323 2225 1359 2291 τό

273 2325 354 2410 πρός
374 2329 518 2410 εόλογιάν
548 2329 704 2410 ἐγκωμίου
726 2324 829 2416 νόμιρ,
845 2325 925 2392 α’λλό
955 2323 1104 2393 auritos
1126 2334 1301 2412 πολυωρεῖν
1320 2325 1388 2400 aicit

273 2427 401 2511 μνήμην
420 2429 482 2491 τιόν
506 2425 657 2492 ἐπιόντων
678 2423 757 2491 αότό
780 2425 928 2512 ἕκαστον,
948 2419 1050 2510 ιόνπερ
1075 2425 1093 2490 ό
1112 2423 1228 2510 χρόνος
1246 2426 1360 2510 τρέχων

274 2529 482 2610 παρέρριιμεν.
533 2529 565 2591 εἶ
590 2529 626 2590 δὲ
643 2523 776 2612 φθάσας
795 2526 812 2592 o‘
832 2526 985 2610 ἡμέτερος
1005 2518 1098 2604 οὗτος
1117 2525 1229 2592 Δαυῒό
1245 2524 1359 2609 dyast-

275 2649 337 2689 νων
365 2617 404 2708 ἦν
437 2624 473 2689 τὸ
497 2629 551 2690 τοῦ
572 2631 653 2690 θεοῦ
683 2624 798 2709 λάχος,
827 2629 992 2691 α’κονέσθω
1021 2630 1081 2705 μὲν
1105 2623 1177 2690 ι’όοό
1200 2625 1359 2706 καὶτοῦτο,

277 2728 505 2789 συνακουέσθω
527 2727 562 2789 δὲ
582 2723 638 2790 καί
659 2721 707 2789 ότι
740 2725 881 2807 όξιόλεσε,
904 2725 1002 2811 μικρά
1025 2728 1084 2806 μὲν
1104 2723 1233 2811 ἡδύνας,
1257 2724 1361 2808 πικρά·

277 3006 340 3060 tem,
350 2998 485 3050 miseriam
503 3017 537 3050 ox
549 3016 581 3052 eo
596 3001 804 3070 praesagientes,
817 3009 848 3054 ut
865 3001 1045 3070 perniciosum
1060 2999 1124 3052 odio
1138 2997 1280 3062 habuisse,
1298 3014 1361 3052 nuno

275 3085 339 3122 vero
362 3070 547 3139 pessumdatos
565 3071 717 3124 maledictis
744 3071 859 3124 eundem
876 3073 1024 3134 insectari,
1051 3071 1188 3122 hominem
1207 3071 1360 3141 ceteroquin

275 3158 331 3192 non
349 3141 450 3223 sepulum
469 3145 570 3211 (neque
589 3143 661 3194 enim
682 3144 827 3196 conviciari
846 3143 913 3195 licet
924 3153 1032 3213 praeter
1049 3141 1088 3206 id,
1106 3141 1182 3212 quod
1194 3158 1292 3194 rerum
1309 3141 1360 3211 est),

263 3211 324 3269 ,aed
341 3227 375 3262 ex
394 3229 448 3282 quo
478 3229 574 3280 pravae
593 3213 753 3284 subscripsit
770 3213 916 3266 Andronici
939 3213 1046 3280 tyranni
1075 3212 1206 3282 pactioni,
1224 3211 1260 3264 ad
1279 3220 1359 3264 extre-

275 3299 345 3334 mam
364 3283 521 3352 nequitiam·
535 3283 686 3353 delapsum.
722 3285 895 3354 nequeenim
913 3285 1021 3336 amabat
1039 3283 1127 3345 iilum,
1146 3282 1219 3334 sieut
1238 3282 1360 3350 deinceps

276 3353 525 3416 demonstrabimus,
546 3372 597 3406 nec
616 3355 834 3424 amabaturipse,
853 3372 904 3406 neo
919 3373 983 3408 roro
996 3355 1145 3424 praemium
1165 3368 1276 3422 sperare
1291 3369 1361 3406 sene·

275 3425 338 3487 tuat,
357 3423 405 3475 sed
425 3425 504 3476 etiam
516 3435 671 3494 exspectare
684 3441 799 3496 poenam
811 3425 930 3478 debebat
947 3443 996 3494 pro
1016 3427 1057 3487 iis,
1068 3441 1138 3495 quae
1151 3423 1233 3476 nobis
1251 3439 1360 3494 appare·

266 3494 346 3553 ,bunt
362 3496 523 3563 perniciosa.
545 3496 597 3548 hoc
609 3498 646 3549 ita
660 3495 801 3548 dicendum
816 3496 1014 3566 est,aiquide1n
1032 3511 1080 3563 ego
1097 3511 1236 3564 nunquam
1247 3495 1361 3564 praelata

275 3565 395 3618 amicitia
405 3575 567 3636 postponam
576 3569 724 3631 veritatem,
734 3567 782 3619 sod
793 3568 917 3636 receptis,
927 3585 996 3637 quae
1009 3575 1082 3635 gesta
1093 3573 1165 3627 suut,
1176 3567 1206 3616 in
1216 3566 1360 3624 historiam,

275 3638 352 3688 cuius
370 3636 428 3687 laus
449 3639 554 3702 veritas,
571 3636 653 3690 huius
674 3639 762 3692 lucem
786 3655 925 3706 nunquam
949 3639 1085 3690 obscurari
1103 3637 1200 3687 sinam.
1238 3651 1359 3707 namque,

275 3716 307 3759 ut
324 3724 385 3758 vero
403 3707 451 3758 iilo
470 3707 549 3772 dixit,
568 3711 667 3760 amicus
683 3711 748 3779 ipse,
765 3709 849 3775 magis
867 3709 952 3759 amico
969 3711 1074 3762 veritas.
1096 3706 1196 3760 deiude
1213 3708 1302 3762 etiam
1319 3707 1361 3757 hoe

275 3777 501 3830 considerandum
520 3787 574 3831 est:
603 3779 778 3832 laudantibus
800 3779 926 3846 eligenda
943 3797 1000 3831 esse
1016 3778 1148 3842 honesta,
1165 3776 1297 3848 adeoque
1313 3787 1360 3830 tur-

296 3850 321 3900 ia
346 3849 462 3900 fucanda
489 3859 618 3920 tanquam
644 3852 782 3921 patronis,
808 3849 945 3902 historicis
974 3868 1029 3902 uon
1051 3851 1136 3914 item,
1162 3849 1211 3900 sed
1234 3845 1360 3901 narranda

274 3866 317 3971 its
338 3935 406 3982 esse,
424 3938 493 3991 quae
512 3923 633 3990 postulat
652 3923 781 3992 cuiusque
801 3921 840 3973 rei
862 3922 974 3973 veritas:
1003 3923 1051 3973 ubi
1075 3920 1186 3972 minime
1206 3919 1292 3972 docet
1310 3921 1360 3970 iau·

277 3989 380 4041 dabilis
398 4005 560 4060 componere
585 3993 731 4045 secundum
757 3993 830 4058 loges
850 3991 1033 4057 laudationis,
1058 3991 1106 4044 sed
1128 3990 1162 4041 ad
1180 3993 1360 4060 posteritatem

274 4062 422 4114 transmitti
441 4062 524 4114 debet
544 4065 659 4126 curiose,
679 4061 925 4132 quidquidssumeu
949 4065 1077 4133 temporis
1092 4063 1165 4114 tulit.
1202 4059 1304 4130 quodsi
1317 4061 1361 4111 Da·

275 4129 321 4213 rid
339 4139 430 4186 noster
446 4133 521 4204 prius
539 4133 610 4188 hene
621 4134 819 4190 administravit
838 4133 930 4189 dotem
949 4134 1003 4189 sibi
1020 4151 1036 4188 ιι
1053 4133 1105 4187 deo
1122 4133 1303 4204 impertitam,
1321 4147 1359 4182 an-
