2814 4898
383 333 754 402 cononoonlenrn.
1040 335 1112 406 303

40 497 180 580 ἔργεσθαι
207 487 368 574 ‘Portasti
419 489 476 552 τοῦ
506 488 541 550 δέ
564 488 664 552 Φωκέ
693 489 738 561 εἰς
766 487 931 572 α’μὴχανον
951 490 1118 575 περιστάν-

41 621 86 670 τος
105 597 157 658 κατ’
175 588 360 671 ἀπογνόντος
389 586 432 660 τάς
452 584 553 668 πάσης
583 589 708 662 ἐλπίδος
729 586 947 672 η’στοχηκάτος,
969 589 1023 656 καί
1041 615 1121 676 χρη.

43 699 168 776 σομὲυου
193 692 288 777 φυγῇ,
310 690 365 752 καί
385 684 465 769 πρὸς
484 683 518 749 tri
551 682 684 768 κάστρον
708 688 831 764 Ἀτεοῦς
852 696 1148 774 παραγενομένου,ο

44 804 89 859 τοι·
104 790 146 876 μη
165 789 340 872 δεχθέντος,
362 789 397 852 ἐν
415 788 525 872 χωρίῳ
547 787 583 850 δὲ
606 785 827 872 ὀνομαζομένῳ
849 791 880 850 Γ
878 791 1019 871 οηλέοντι
1040 789 1120 874 φεύ-

25 909 117 976 5γοντι
138 891 382 974 συλληφθέντος,
402 889 589 950 ἀπέστελλεν
611 879 777 965 Ῥωμανὸς
796 883 941 971 Ἰωάννην
961 885 1015 952 τὸν
1041 893 1121 951 Του.

42 996 113 1076 βάεη
131 993 185 1056 καί
206 993 333 1056 Λέοντα
355 984 409 1052 τάν
430 984 529 1050 neiron
555 987 688 1068 συγγενῆ
709 980 791 1048 ὥστε
816 987 995 1068 εἰσαγαγεῖν
1024 985 1122 1050 ου’τάν

43 1094 123 1177 ἐτεῇ
147 1088 247 1161 πόλει.
291 1085 320 1152 οἱ
338 1089 372 1151 δέ
393 1087 507 1149 τοῦτον
527 1083 739 1168 κρατήσαντες
760 1084 999 1169 άπετάφλιοσαν,
1020 1084 1124 1150 καίτοι

44 1190 188 1276 μηδεμίαν
215 1185 304 1272 παρά
340 1182 455 1264 τούτου
482 1179 647 1263 δεξάμενοι
675 1180 818 1269 ἐντολήν,
853 1185 921 1248 ἀλλ’
945 1184 1124 1272 αὐθαιρέτῳ

44 1287 137 1376 γνώμη
157 1291 251 1354 τοῦτο
273 1281 481 1369 πεποιηκότες,
502 1281 545 1358 sir
569 1281 785 1364 ἀγανακτῆσαι
805 1285 858 1347 ἐπὶ
874 1281 972 1370 τούτῳ
991 1287 1046 1346 καί
1064 1288 1124 1365 βυ-

16 1387 240 1469 οοοτλεοπάτορα
268 1381 440 1466 ‘Parnason
492 1377 670 1469 Αάγοάοτιρ
699 1383 733 1446 δὲ
757 1384 834 1465 μηνί
864 1383 1065 1467 ταεεμηνάθη
1085 1380 1123 1446 τά

44 1489 89 1571 τῆς
108 1485 274 1568 ἐπιβουλῆς
297 1485 539 1548 Κωνστοιντίνου
553 1482 766 1564 Κτηματηνοά
786 1482 841 1545 κατ’
859 1483 968 1562 Δαβίέ
990 1486 1125 1562 Καμου-

46 1588 142 1652 leonori
162 1584 219 1650 καί
233 1581 372 1666 Μιχαάλ
394 1575 594 1664 κουράτιρρος
615 1582 678 1646 τῶν
699 1577 885 1662 μαγγάνων·
909 1583 964 1644 καί
983 1583 1126 1665 τυφθέν-

45 1708 86 1760 τες
107 1677 190 1750 οὗτοι
210 1681 267 1748 καὶ
288 1684 500 1766 δημευθέντος
521 1677 573 1743 διά
589 1683 687 1763 μέσης
708 1681 841 1762 διῆλθον
856 1683 912 1765 τῆς
932 1677 1052 1758 πόλεως
1073 1682 1156 1743 xniC

47 1788 73 1848 ἐν
92 1786 190 1875 ἑξορίρι
214 1782 502 1867 παρεπέμφθησαν.
545 1771 659 1862 ἤγαγον
679 1781 715 1846 δὲ
735 1784 860 1846 Λέοντα
881 1776 1053 1866 μάγιοτρον
1073 1783 1128 1844 καὶ

18 1884 216 1964 οολομὲστικον
237 1882 299 1948 ταῖν
318 1882 444 1963 σχολῶν
468 1881 502 1946 ἐν
524 1881 563 1967 τῇ
584 1875 681 1958 πόλει,
701 1878 756 1944 καί
780 1880 910 1963 διῆλθεν
932 1881 966 1942 ἐν
985 1883 1067 1966 μέσῃ
1088 1885 1127 1969 τῇ

46 1980 133 2070 άγορρῖ
150 1978 273 2066 ἦμιάντρ
296 1975 496 2065 ἐφεζόμενος.
545 1977 700 2064 ἐφωράθη
725 1980 760 2044 (ll
779 1980 836 2044 κατ’
855 1977 930 2063 Ζωίρ
951 1977 1125 2063 Αάγοάοτα

47 2082 286 2162 ἐπιβουλεύουσα
303 2077 456 2166 Ῥωμανῷ
478 2076 531 2143 ιλιά
562 2080 839 2162 πεφαρμαγμένον
862 2075 1041 2163 βρωμάτων
1062 2079 1124 2142 ὑπὸ

48 2179 210 2264 Θεοκλητου
233 2179 383 2260 νοταρίου
404 2182 461 2261 τῆς
480 2180 657 2261 ὑπουργίας
676 2181 931 2246 resonantem·
974 2183 1030 2244 καί
1049 2180 1126 2244 rata

47 2303 93 2362 την
111 2283 166 2344 τοῦ
185 2277 343 2347 παλατίου
378 2277 643 2360 καταβιβάζουσιν
677 2277 733 2342 καί
758 2280 805 2352 εἰς
824 2277 857 2344 τὸ
883 2281 1026 2360 Πετρίον
1041 2280 1125 2342 olari.

19 2395 152 2464 λογοοσιν,
175 2382 233 2464 τῆς
255 2378 348 2462 άγίας
370 2377 543 2464 Εάφηραάς
562 2380 644 2464 μονῇ
665 2378 898 2460 ἀποκείροντες.
924 2378 1125 2464 προσεκλήθη

32 2479 77 2542 -λὲ
96 2479 176 2560 πυρά
211 2475 441 2563 Θεοφυλάκτου
470 2479 637 2560 πατρικίου
667 2477 722 2542 καί
753 2477 887 2561 κόμητος
907 2480 964 2543 τοῦ
985 2482 1126 2544 σταάλοο

50 2579 86 2650 τίς
104 2572 230 2659 άριστον
259 2576 276 2640 ri
299 2577 496 2660 παιδαγωγὸς
522 2579 759 2642 Κωνσταντίνου
781 2579 938 2658 βασιλέως
961 2577 1127 2658 Θεόδωρος

49 2675 93 2740 rol
111 2677 242 2760 Συμεών
265 2676 281 2740 ὅ
305 2680 404 2743 αὐτοῦ
429 2675 580 2762 άάελφάς.
609 2673 781 2742 ἐσθιόντων
803 2679 839 2741 δέ
858 2670 961 2744 αὐτῶν
981 2681 1128 2760 εἰσῆλθεν

51 2993 183 3048 sublucere
212 3013 242 3048 se
267 2997 356 3048 cuncti
384 3002 412 3048 et
430 2997 548 3046 Romano
572 2995 741 3064 imperatoris
768 2995 838 3063 patri
857 2993 1002 3048 adhaerere
1023 3015 1123 3067 coepe-

52 3075 109 3118 rnnt.
144 3067 244 3120 Phocas
263 3067 291 3118 in
309 3067 445 3136 angustias
466 3065 597 3116 deductus
617 3068 689 3116 ornni
711 3083 758 3134 τρε
780 3065 869 3134 lnpsns
889 3074 941 3132 est;
962 3085 1045 3138 quare
1065 3072 1128 3136 suga

52 3152 110 3196 urus,
129 3147 155 3189 ot
176 3137 243 3189 urbe
261 3139 343 3190 Ateus
361 3139 457 3207 petita,
476 3153 534 3188 cnm
553 3155 608 3187 non
627 3139 810 3203 reciperetur,
834 3137 863 3188 in
882 3137 971 3190 locum
991 3143 1034 3190 cui
1055 3143 1128 3190 (ioe-

52 3204 102 3257 leon
120 3227 217 3280 nomen
233 3209 337 3276 fugiens
356 3207 562 3278 comprehensus
583 3216 630 3257 ost.
674 3207 916 3258 erindellorrranns
935 3211 1129 3263 loannmr'l‘u-

53 3275 131 3330 barem
149 3290 175 3332 et
192 3281 313 3332 Leonem
335 3280 392 3330 eius
414 3287 556 3346 cognatum
577 3277 713 3330 hominem
735 3279 764 3328 in
784 3277 877 3328 urbem
895 3279 1058 3332 adducturos
1078 3281 1129 3332 mi.

52 3348 86 3398 sit.
119 3350 341 3419 comprehensum
361 3351 454 3418 itaque
482 3349 567 3400 oeulis
592 3350 783 3416 privaverunt,
801 3349 879 3400 nullo
899 3351 1130 3420 licetsuperhoo

52 3429 146 3488 accepto
165 3425 249 3484 iussu,
266 3421 313 3472 sed
334 3429 482 3490 spontanea
510 3420 648 3470 voluntate
676 3418 711 3468 ad
730 3418 781 3470 hoc
800 3419 883 3481 ducti,
904 3420 972 3472 adeo
994 3432 1024 3474 ut
1042 3423 1130 3491 impe·

53 3491 132 3540 ratoris
150 3502 226 3561 pater
246 3493 378 3542 Rorunnus
397 3489 430 3542 de
452 3491 570 3543 facinore
588 3490 708 3542 tristatus
730 3491 821 3541 inerit.
857 3506 950 3544 mense
970 3503 1059 3545 nutem
1074 3496 1130 3544 Au-

53 3570 115 3622 gusto
135 3563 307 3616 Constantini
328 3561 487 3622 Ctemateni,
505 3559 615 3612 Doridis
637 3559 784 3611 Camuliani
811 3569 839 3612 et
854 3560 996 3614 Michaelis
1015 3580 1128 3632 manga-

54 3644 132 3682 nornm
150 3634 280 3686 curatoris
301 3631 425 3684 detectae
452 3639 517 3684 sunt
533 3631 666 3682 insidiae:
687 3648 770 3700 qnare
789 3633 869 3684 etiam
888 3632 916 3683 hi
935 3634 1015 3688 bonis
1034 3636 1130 3704 publi-

54 3702 286 3762 claromontius
316 3703 406 3756 affecti
430 3711 458 3754 et
473 3719 523 3771 per
547 3702 663 3752 medinm
694 3702 786 3752 urbem
810 3702 941 3767 traducti,
970 3706 1131 3758 inexilium

54 3771 201 3826 missisunt.
239 3775 358 3826 Leonem
379 3775 492 3843 insuper
507 3775 663 3840 magistrum
684 3781 711 3824 et
732 3773 884 3824 scholarum
905 3775 1081 3828 domesticum
1103 3780 1132 3828 in

56 3839 134 3892 urbem
152 3845 327 3908 induxerunt,
348 3846 397 3914 qui
413 3846 488 3898 mulo
507 3843 627 3896 insidens
655 3860 704 3912 per
724 3843 842 3896 medium
861 3846 949 3896 sorum
968 3849 1130 3915 pertransiit,

57 3907 132 3964 delata
152 3925 192 3968 est
212 3918 293 3970 etiam
316 3911 367 3968 Zoe
396 3918 531 3982 Augusta,
554 3925 583 3966 nt
603 3932 673 3984 quae
692 3916 810 3966 Romano
830 3932 878 3984 per
896 3927 1071 3986 praeparatos
1092 3921 1132 3970 ci-

56 3976 95 4030 bos
112 4000 126 4030 a
142 3985 290 4038 Theocleto
312 3987 458 4038 ministerii
476 3987 582 4037 notario
602 3984 789 4036 insidiaretur:
807 3987 893 4054 qnare‘
908 3987 977 4040 hanc
996 4007 1010 4039 e
1029 3990 1133 4057 palatio

58 4049 166 4104 recedere
185 4067 302 4110 coactam
321 4059 350 4108 in
370 4059 395 4108 S.
419 4056 581 4126 Enplremioe
601 4058 763 4106 monasterio
789 4057 823 4106 nrl
843 4058 956 4108 Pettium
977 4061 1029 4110 sito
1048 4062 1133 4111 tonsis

59 4122 150 4187 capillis
170 4125 314 4176 monialem
332 4128 462 4178 lecerunt.
500 4125 659 4180 'l'lreodorns
672 4135 770 4184 autem,
793 4130 965 4180 Constantini
986 4131 1133 4197 imperoto-

59 4191 87 4240 τοι·
105 4193 281 4264 paedagogos,
312 4205 339 4248 et
367 4197 475 4250 Simeon
504 4199 561 4250 eins
588 4199 670 4250 l'roter
695 4216 710 4249 a
736 4196 939 4268 Tlreophylacto
965 4203 1078 4270 patricio
1105 4210 1132 4254 et
