2892 4904
228 331 282 390 ou
300 323 606 392 ruossanouror
636 325 664 388 ιι
694 325 852 390 Lautus
871 323 1015 409 caeru
1083 314 1157 392 495

71 475 256 546 ἱκονιόοαιεν
275 471 315 542 όν
334 499 376 559 με
405 479 451 552 τίς
472 468 631 556 αὔταρκες
657 472 876 562 θιαγρόφοντα
906 484 972 553 τοῖς
993 475 1158 564 φιληκόοις

71 579 159 644 ὁποῖα
176 577 253 662 η’μῖν
280 579 455 656 συνόπεσες
484 579 524 640 δι’
546 567 592 642 τόν
614 578 677 658 όψὲ
705 599 780 642 ποτε
800 575 861 640 οὐν
882 578 966 665 κακῷ
986 575 1109 657 ἔμαθον
1128 579 1160 646 οἱ

69 685 102 746 ἐν
122 680 196 764 ἡμῖν
217 677 337 760 κομψοί
366 673 426 759 τήν
449 672 557 760 νόησιν
575 679 691 760 χρῆναι
715 673 753 741 τό
775 675 891 740 θεόθεν
912 686 1028 761 σημεῖα
1049 685 1160 748 terreo·

70 787 179 864 λοηεῖν,
197 777 253 844 καί
273 775 353 858 πρός
375 779 485 850 ου’τοῖς
507 779 792 860 διευκρινουμὲνοις
816 773 901 858 ἔχειν
923 775 979 840 τόν
1000 783 1087 860 νοόν,Ι
1105 779 1161 844 κατ’

46 889 168 947 onorata
193 877 232 944 τὰ
264 873 453 960 δηλούμενα.
513 877 544 940 εί
568 879 604 940 δέ
624 901 673 952 τις
701 878 839 940 ἐνταῦθα
867 879 977 942 ποθῶν
1008 878 1170 964 φαίνεται·

67 981 354 1063 προσιστορηθῆναι
386 977 442 1040 καί
469 970 521 1042 οἶοι
541 973 671 1060 σήματα
697 977 758 1040 τόν
778 974 956 1054 μελλόντων
977 975 1159 1066 προυφάνη,

65 1081 205 1146 ἀκουέτω
233 1077 472 1163 βραχυλογικῶς
502 1077 559 1141 καί
585 1077 684 1142 ταῦθ’
711 1074 800 1160 ἡμῶν
829 1077 874 1152 τίς
906 1073 1050 1164 ἱστορίαν
1079 1081 1159 1144 ἐκτι-

65 1179 220 1262 θεμένων.

142 1279 192 1344 Ἐν
213 1275 352 1360 προότοις
383 1279 442 1356 μὲν
464 1276 595 1358 α’γαθεόν
621 1276 746 1360 ἀνδρῶν
769 1272 925 1361 όνείριιτο,
947 1275 1040 1342 ὁποῖοι
1060 1280 1116 1344 καί
1138 1278 1158 1363 ἢ

25 1375 133 1464 ιθὶεροὶ
157 1371 226 1442 otte
253 1373 363 1462 γραφὴ
392 1375 550 1460 μηνυτικό
572 1373 750 1456 μελλόντων
770 1371 874 1454 εἶναι,
894 1377 1089 1461 προελάλουν
1106 1369 1158 1446 οἷα

62 1476 252 1562 πεισόμεθα.
308 1477 364 1541 καί
397 1473 488 1560 ἡμεῖς
518 1479 694 1558 ἑγελοῖμεν,
729 1477 966 1554 ἐξουθενοῦντες
994 1475 1054 1553 τοὶς
1084 1481 1159 1544 καθ’

59 1575 179 1654 όπνους
212 1577 386 1664 δηλώσεις,
413 1574 468 1640 καί
499 1571 666 1658 διαστολῆν
696 1575 754 1638 oria
782 1579 942 1650 ἐθέλοντες
961 1578 1159 1662 ἐξευρίσκειν

59 1675 225 1761 όροὶματός
244 1701 278 1742 τε
308 1679 362 1740 καί
391 1677 453 1740 τῶν
473 1676 592 1740 λοιπῶν
619 1669 698 1759 ἅπερ
721 1672 818 1750 όπνος
839 1676 957 1762 φαίνει.
998 1681 1055 1741 καί
1071 1679 1160 1745 tinea*-

57 1802 110 1844 ναι
131 1780 169 1844 dd
190 1775 250 1850 τόν
270 1773 473 1860 μυροβλότην
492 1778 548 1860 τῆς
562 1779 637 1840 καθ’
657 1774 743 1860 ἡμᾶς
756 1774 878 1852 πόλεως
896 1775 951 1840 κατ’
969 1782 1037 1844 κατ’
1060 1775 1159 1860 ου’την

21 1873 257 1961 meriadianam
276 1876 514 1942 εἰσελεύσεσθαι
544 1871 575 1940 οἱ
596 1873 691 1940 adeor*
709 1871 887 1958 ἑωράκασι·
929 1875 984 1941 καί
1004 1867 1104 1961 ἡμεῖς
1118 1877 1158 1942 od

54 1978 327 2055 πεπιστεύκαμεν.
370 1971 413 2050 ὦς
432 1973 494 2057 γὰρ
519 1971 688 2056 ὀχλοόντες
710 1971 741 2038 οἱ
758 1973 956 2060 πιστοίπρός
976 1979 1159 2060 ἐπικουρίαν

23 2097 26 2108 ’
55 2079 223 2160 ἐνέκειντο,
248 2073 447 2156 όνεκοίλυψεν
469 2074 568 2150 adeda
588 2078 806 2157 προορατικτός
828 2075 873 2149 εἰς
892 2073 996 2158 μότην
1016 2075 1157 2160 τόρκννα

53 2177 302 2240 δυσωπεῖσθαι·
345 2177 386 2238 ου’
402 2175 465 2258 γὰρ
486 2166 560 2258 όρτι
582 2176 650 2238 ἀλλ’
670 2167 692 2256 ἢ
712 2176 793 2255 μετὰ
817 2184 903 2260 τρεῖς
924 2175 1048 2259 ἡμέρας
1069 2179 1157 2242 atro.

51 2279 180 2340 σεσθαι.
240 2266 279 2358 ἦν
309 2278 344 2339 δὲ
369 2272 504 2359 τετάρτη
532 2272 615 2354 μετὰ
649 2272 706 2350 τός
736 2282 822 2358 τρεῖς
841 2273 860 2358 η’
882 2280 938 2358 τῆς
959 2277 1155 2362 πορθήσεως.

21 2378 104 2439 tonat
123 2372 237 2458 συχνὰ
268 2379 329 2456 μὲν
356 2374 575 2463 ἐπρτνιοόμεθα
599 2376 694 2440 (όέλθὲ
719 2377 765 2452 είς
794 2373 830 2438 τό
861 2379 966 2440 σαῖοοι
989 2371 1090 2460 ἡμᾶς,
1109 2379 1154 2462 μή

49 2497 125 2540 ποτε
149 2473 269 2540 εἴπωσι
298 2472 335 2538 τό
360 2471 458 2557 ἔθνη,
487 2477 549 2537 ποῦ
579 2469 705 2538 domi
733 2475 903 2558 πολιοῦχος
925 2475 1103 2557 οιότιόνς”ό
1125 2478 1154 2542 δ’

48 2577 110 2658 οόχ
129 2571 310 2640 όποικοόων
330 2574 507 2654 όξετόπιζιν
528 2573 618 2657 ἡμῶν
639 2567 763 2640 ἑαυτόν.

48 2851 205 2914 Ιοιυίαἰλνας
223 2851 340 2922 scriptor
356 2853 509 2904 satisfacere
523 2852 626 2922 poterit
641 2868 802 2920 cognoscere
817 2851 1001 2922 cupientibus,
1016 2869 1086 2923 quae
1104 2869 1154 2904 nos

44 2923 117 2974 mala
137 2921 316 2974 afflixerint?
356 2923 454 2992 quibus
476 2939 536 2974 aero
560 2922 671 2974 tandem
697 2939 757 2974 cum
775 2921 873 2974 damno
891 2923 1088 2975 intellexerunt
1104 2921 1155 2974 ho-

44 2995 134 3044 mines
158 2995 242 3044 inter
261 3009 310 3044 nos
331 2994 430 3055 nasuti,
449 2995 497 3063 qui
510 2993 586 3062 signa
606 2991 698 3045 divina
713 2993 910 3046 contemnenda
923 2992 1054 3056 dicerent,
1072 3011 1154 3062 opor-

44 3071 102 3116 tere
123 3065 231 3135 utique
249 3063 396 3132 diligenter
415 3064 463 3115 illa
482 3064 607 3134 cognosci
625 3081 656 3116 ac
674 3065 780 3134 respici,
801 3072 828 3117 et
848 3065 974 3117 facienda
994 3083 1061 3129 esse,
1084 3083 1154 3135 quae

43 3135 284 3204 significarentur.
321 3135 343 3186 si
363 3133 424 3206 quia
443 3143 534 3188 autem
553 3137 635 3186 etiam
662 3137 762 3187 narrari
782 3135 827 3186 hic
844 3138 920 3198 velit,
941 3153 1010 3205 quae
1031 3145 1088 3188 tum
1107 3153 1155 3186 ex-

43 3207 169 3258 stiterint
205 3222 297 3256 rerum
327 3205 476 3258 futurarum
505 3203 615 3272 indicia,
633 3223 725 3258 aurem
745 3205 793 3257 ille
812 3221 955 3276 parumper
972 3207 1052 3258 nobis
1071 3224 1155 3276 prac-

41 3276 106 3330 beat
123 3277 180 3328 illa
204 3293 319 3348 quoque
340 3278 513 3348 expositoria.

111 3347 247 3407 Primum
265 3349 347 3417 igitur
375 3349 482 3420 piorum
504 3345 644 3400 hominum
663 3347 783 3409 somnia,
802 3347 901 3418 quibus
922 3347 1004 3398 etiam
1022 3348 1154 3416 scriptura

42 3435 119 3470 sacra
142 3417 300 3488 significari
320 3435 360 3470 ree
379 3419 482 3472 futuras
502 3420 587 3482 novit,
606 3417 846 3486 praenuntiabant,
868 3433 937 3488 quae
957 3419 1062 3488 passuri
1080 3435 1155 3470 esse-

38 3506 108 3541 mus.
150 3507 256 3544 verum
275 3507 324 3541 nos
345 3489 506 3554 ridebamua,
529 3497 557 3541 et
574 3487 654 3540 nihili
673 3487 836 3540 ducebamus
858 3490 969 3540 somniis
989 3489 1059 3540 sacta
1078 3488 1154 3540 indi-

39 3561 90 3622 cia,
109 3577 166 3612 nec
179 3561 248 3612 'viai
277 3569 305 3612 et
323 3569 491 3624 ceterorum,
511 3577 586 3630 ,quae
604 3576 712 3612 romnus
736 3558 865 3625 ostendit,
884 3560 1027 3630 explorare
1047 3577 1154 3611 sensum

37 3632 224 3685 volebamus.
263 3631 391 3684 viderunt
407 3632 450 3683 illi
470 3638 569 3694 autem,
599 3631 693 3682 aberae
714 3647 746 3682 ex
766 3631 832 3682 urbe
851 3639 941 3684 nostra
960 3639 1084 3682 sanctum
1100 3647 1154 3682 un-

36 3713 142 3768 guenta
165 3700 366 3768 exsudantem,
382 3709 411 3755 et
428 3702 478 3754 sub
496 3702 582 3771 ipram
602 3699 750 3754 rediturum
765 3718 824 3754 esea
843 3703 1086 3772 expugnationem:
1103 3718 1155 3754 nec

35 3790 87 3824 nos
108 3771 203 3826 iidem
225 3772 381 3826 habuimus.
417 3789 479 3824 nam
500 3789 584 3843 quum
604 3773 641 3834 ii,
663 3774 709 3842 qui
727 3773 808 3825 fidem
835 3773 877 3826 his
896 3773 1046 3835 habebant,
1067 3774 1153 3823 inste-

32 3853 97 3897 rent
115 3845 332 3907 vehementius,
346 3853 378 3896 ut
394 3846 526 3896 auxilium
548 3843 674 3906 serretur,
693 3845 741 3896 ille
754 3845 851 3896 fruatur
870 3841 1085 3896 dominationem
1103 3843 1156 3893 ab·

32 3914 144 3968 horreri
164 3915 342 3983 declaravit,
362 3917 465 3986 quippe
475 3929 531 3967 non
551 3915 652 3977 atatim,
673 3914 721 3966 sed
738 3923 801 3985 port
818 3914 942 3968 treadiea
961 3931 989 3966 aa
1005 3930 1063 3966 ease
1081 3913 1154 3966 redi·

32 3993 144 4054 turum;
167 3987 234 4040 fuir
252 3995 351 4050 autem,
369 3987 456 4038 tribur
467 3985 564 4038 diebus
582 3987 747 4055 praeteritis,
768 3986 827 4038 dier
845 3993 956 4057 quartur
970 3986 1002 4047 ia,
1021 4003 1076 4056 quo
1091 3986 1154 4038 urba

31 4067 203 4128 expugnata
236 4065 288 4108 est.
317 4068 400 4128 atque
427 4059 543 4109 multum
563 4066 620 4108 tum
646 4056 821 4125 precabamur
843 4059 924 4108 “veui
943 4075 993 4108 nos
1013 4057 1154 4118 salvatum,

30 4145 66 4179 ne
87 4139 195 4196 gentes
220 4127 325 4192 dicant,
345 4129 393 4180 ubi
413 4138 455 4182 eet
467 4127 541 4180 urbia
561 4143 653 4179 eorum
673 4129 818 4198 praeses?''
853 4145 945 4180 verum
963 4127 1013 4179 iiie
1028 4145 1085 4180 non
1105 4146 1153 4180 au-

28 4197 131 4254 diebat
153 4217 224 4266 nos,
251 4199 297 4252 aed
316 4200 412 4271 procul
430 4199 525 4252 aberat
543 4198 578 4250 ab
596 4199 671 4250 urbe.
