2932 4900
186 325 242 423 ba
259 335 566 426 massaiourca
583 357 612 426 A
629 355 788 426 muurs
807 358 953 426 cauas.
1059 352 1134 426 σοι

47 508 136 572 πόλιν
155 505 286 592 ἀφέντες
307 509 458 592 ἐθέμεθα,
478 505 533 572 καὶ
553 509 610 592 τὴν
630 506 795 592 Σικελικὴν
813 511 958 576 Σκύλλαν
978 508 1135 593 ἐπηγαγό-

46 609 140 684 μεθα.
182 601 250 669 εἴθε
270 608 330 686 μὲν
351 599 408 670 οὖν
422 603 576 687 Σκύλλαν,
599 608 720 690 δλιραις
738 607 824 692 ἡμᾶς
843 615 997 694 κεφαλαῖς
1016 605 1135 692 {putei-

48 727 172 769 σσυσαν.
214 697 289 787 άρτι
310 709 346 770 δὲ
367 705 536 790 Χάρυβδις
555 704 575 791 η’
595 709 924 775 διιιῑθενιιατδσπαιιεν
943 707 1040 792 ἡμᾶς,
1061 709 1135 774 ‹tat-

47 808 138 888 θριον
158 800 448 888 άναρροιβδὴσασα.

26 913 40 964 5
147 907 220 969 Καὶ
245 899 283 989 ἦν
311 908 370 986 μὲν
402 901 542 970 ἐνταῦθά
563 929 621 987 μοι
648 905 745 984 τόπος
758 905 886 992 θρήνων
906 903 1060 988 κατάρξαι
1082 909 1138 972 καὶ

47 1000 290 1083 α’ποιμάξασθαι
319 1002 358 1068 τά
380 1006 432 1089 ἐφ’
460 1003 544 1088 ἡμᾶς
566 1004 665 1070 κακά·
716 997 787 1070 οὔτε
808 1007 842 1070 δὲ
863 1011 986 1090 γέροντι
1006 1002 1046 1070 τά
1066 1027 1136 1069 τοι.

46 1105 127 1165 αὕτα
147 1111 430 1189 προσενπορεῖται,
451 1109 506 1168 καί
527 1107 604 1172 ου’δλ
618 1107 699 1170 θεοῦ
718 1107 885 1180 ἐπίσκοπος
904 1100 1061 1179 τοιούτοις
1082 1103 1136 1170 td.

44 1223 105 1283 yolo
125 1201 254 1284 δρέπων
277 1204 382 1286 ἐστίν,
412 1204 481 1268 αλλ’
502 1199 524 1287 ἢ
542 1203 654 1285 μόναις
673 1203 893 1288 ια’χαριστιλιις
925 1207 980 1268 κατ’
999 1203 1074 1291 δόξῃ
1095 1208 1136 1292 τῇ

44 1303 87 1374 εἰς
104 1299 158 1365 τὸν
179 1293 326 1388 ὕψιστον,
346 1303 379 1380 ἐξ
401 1294 440 1368 οὗ
459 1305 515 1370 ιιαί
530 1307 572 1368 δι’
595 1297 635 1368 οδ
648 1304 686 1370 τά
708 1300 857 1391 ἡμέτερα.
897 1309 932 1370 σι’
949 1306 985 1370 δὲ
1007 1305 1046 1388 δὴ
1069 1327 1135 1369 κιο-

12 1418 37 1471 10
45 1397 111 1463 λάτι
130 1401 166 1464 ἓν
186 1402 261 1483 γοῦν
280 1404 373 1466 τοῦτο
393 1405 490 1483 μόνον
508 1403 639 1470 εἰπόντα
660 1427 703 1485 με
722 1401 953 1485 erratorem,
973 1401 1017 1478 οδς
1035 1401 1070 1470 εἴ
1087 1427 1135 1480 τις

43 1501 110 1582 ἐρεῖ
123 1496 169 1583 μά
193 1495 233 1564 δν
252 1499 382 1567 ἰδέσθαι
395 1526 445 1567 πω
466 1505 522 1568 τὸν
537 1499 627 1588 ἥλιον
642 1497 756 1570 ittam
773 1507 874 1585 μειζοι
898 1501 999 1592 πάθη,
1021 1503 1079 1568 οσίι
1092 1496 1134 1570 δν

42 1596 100 1678 ἔξω
119 1599 216 1684 λόγου
244 1601 491 1687 άπισχορίσαιτο
502 1631 514 1686 ‚·
535 1603 591 1670 ιιαδ
615 1603 703 1689 αἴπερ
724 1604 851 1689 σδρήσοι
871 1607 927 1670 τὸν
946 1603 1148 1671 ‹iraeneum--

42 1725 140 1787 μενον,
163 1701 232 1766 ἀλλ’
256 1705 399 1768 ἐνταῦθα
419 1704 476 1768 oria
497 1707 667 1787 αἰδέσομαι
688 1707 733 1780 εἰς
754 1702 869 1770 λαλιάν
890 1700 961 1771 οὔτε
983 1702 1019 1770 τδ
1044 1699 1132 1786 david

41 1805 136 1886 γῆρας
159 1796 230 1868 οὔτε
262 1801 530 1890 aquimetensis,
553 1806 622 1868 ἄλλ’
642 1804 842 1892 δνστήσομαι,
862 1807 917 1870 καὶ
937 1804 1136 1888 δπαγαινισά·

45 2018 152 2086 ψαιμι.

124 2103 252 2170 Τοιόνδ’
271 2103 374 2187 sinitis]
394 2104 466 2168 τόδε
485 2105 629 2189 πρᾶγμα,
650 2100 729 2168 εἴτι
746 2099 811 2187 χρὴ
832 2101 1033 2188 τραγριδιιιάς
1053 2119 1189 2176 ooo-305

40 2207 162 2270 τελέσαι
182 2200 234 2270 τὸν
254 2201 364 2284 λόγον,
389 2200 469 2268 ἔνθα
490 2203 523 2269 τὸ
547 2202 650 2277 πάθος
679 2201 858 2288 τραγῳδίας
879 2194 967 2279 άξιον
984 2198 1040 2264 noi
1058 2194 1131 2264 oin

40 2301 115 2391 λόγῳ
150 2308 227 2368 καθ’
258 2298 333 2366 ilos
353 2297 473 2370 οἷόντε
501 2305 702 2387 παραστῆναι
728 2295 802 2367 οὔτε
823 2298 903 2365 κατά
922 2299 1013 2382 ἔργον
1036 2303 1132 2384 φέρι-

12 2407 126 2474 sortus.
170 2401 221 2486 εἴη
240 2405 275 2466 δὲ
294 2405 392 2485 μέχρι
413 2405 505 2468 τοῦδε
526 2406 674 2488 λωφῆσαι
697 2399 733 2465 ad
755 2404 828 2483 πάν,
848 2397 894 2484 μή
916 2398 970 2464 ιιαὶ
986 2399 1129 2463 duodeu-

38 2523 93 2580 μεν
111 2505 170 2570 ιιαί
190 2505 284 2568 ositos*
308 2501 351 2591 ὥς
372 2502 477 2568 οδκέτι
510 2501 528 2566 δ
548 2505 605 2567 τοῦ
625 2503 706 2566 θεοῦ
727 2503 799 2566 καθ’
821 2500 911 2584 ἡμῶν
930 2495 1034 2580 θυμὸς
1051 2494 1129 2565 άπε-

32 2604 185 2690 ,ῠτράφρ,
205 2605 273 2668 αλλ’
294 2599 341 2668 ἔτι
361 2598 381 2689 ἦ
400 2602 472 2688 χεὶρ
490 2605 591 2668 ositeri
608 2599 716 2688 ὑψηλὴ
736 2602 793 2668 καί
807 2600 859 2666 οἵα
873 2621 906 2667 τι
925 2603 1127 2681 κατενεχθεῖ-

103 2787 129 2840 2.
148 2789 203 2844 eise
223 2789 248 2842 Τ

43 2924 120 2968 strum
140 2918 272 2988 ipsorum,
292 2921 337 2994 qui
351 2919 448 2986 frigore
458 2925 630 2992 peccatorum
643 2916 799 2988 gravissimo
816 2914 937 2988 oppressi
957 2913 1050 2966 urbem
1069 2919 1125 2964 tam

37 2989 155 3040 eximiam
176 2987 343 3042 deseruimus
363 2989 566 3059 desolatamque
588 2988 764 3059 reliquimus,
782 2987 873 3042 Sicula
891 2985 980 3052 Scylla
998 2983 1123 3036 introdu-

37 3065 83 3108 ctas
101 3064 155 3112 imo
175 3075 240 3110 vero
259 3063 355 3114 suisset
373 3061 421 3111 illa
435 3061 538 3112 utinam
556 3060 660 3126 Scylla,
679 3060 770 3129 paucis
788 3075 838 3111 uos
856 3057 989 3130 capitibus
1008 3056 1122 3108 mulcta-

35 3135 105 3197 tura3
123 3129 174 3182 sed
191 3131 251 3199 ipsa
267 3151 320 3186 -nos
339 3131 487 3199 Charybdis
500 3131 639 3201 corripuit,
657 3133 686 3182 iu
703 3130 852 3200 perniciem
873 3137 988 3181 cunctos·
999 3141 1122 3196 pessum·

36 3198 134 3253 datura.

100 3275 192 3341 Atque
224 3281 266 3324 est
284 3272 394 3342 quidem
421 3271 466 3324 bic
485 3274 561 3325 locus
578 3270 746 3324 lamentandi
765 3277 792 3322 et
810 3268 932 3320 miserias
950 3274 1055 3319 nostras
1076 3265 1125 3317 ‹le-

38 3343 177 3410 plorandi:
197 3345 244 3395 sed
272 3361 321 3396 uec
340 3345 398 3395 seni
414 3345 476 3395 talis
497 3343 622 3395 molestia
641 3341 805 3412 imponenda
824 3347 881 3400 est,
898 3356 949 3392 nec
967 3331 1124 3408 episcopum

35 3415 99 3464 tales
120 3415 219 3482 decent
237 3413 455 3476 declamationes,
474 3415 522 3466 sed
541 3415 615 3465 solae
631 3415 774 3480 gratiarum
785 3411 904 3462 actiones
916 3409 1065 3478 laudesque
1078 3408 1124 3459 dei

36 3487 245 3554 omnipotentis,
267 3503 300 3536 ex
318 3503 373 3556 quo
396 3494 424 3537 et
442 3503 492 3554 per
509 3501 590 3555 quem
607 3491 670 3536 sunt
699 3484 789 3534 omnia
809 3489 911 3532 nostra.
947 3480 1016 3550 quid
1034 3487 1123 3531 tamen

35 3553 154 3624 impedit,
177 3558 322 3625 quominus
342 3556 395 3609 boc
414 3573 497 3607 unum
516 3564 586 3607 certe
606 3569 818 3616 commemorem,
837 3551 910 3602 baud
928 3567 1069 3622 perperam
1088 3551 1123 3600 il.

35 3622 87 3676 lum
104 3627 287 3679 iudicaturum
308 3643 375 3690 esse,
393 3629 440 3696 qui
460 3627 544 3678 solem
557 3627 661 3677 nullam
678 3637 798 3694 uuquam
812 3622 968 3691 adspexisse
988 3621 1123 3672 miseriam

35 3699 179 3761 graviorem
200 3697 306 3749 dixerit
328 3701 370 3751 cui
391 3698 500 3768 quidem
521 3697 643 3766 opinioni
664 3697 686 3746 si
706 3697 767 3768 quis
787 3694 901 3762 obloqui
918 3691 1046 3754 voluerit,
1064 3699 1122 3743 tum

34 3783 94 3818 vero
117 3778 133 3819 a
153 3767 331 3821 declamando
352 3785 442 3838 neque
463 3775 602 3819 senectute
631 3782 720 3837 neque
742 3767 898 3835 episcopatu
917 3761 1057 3833 prohiberi
1078 3779 1121 3813 me
1204 3790 1208 3798 ·

34 3841 125 3904 patiar,
144 3839 192 3892 sed
217 3841 313 3890 acriter
329 3838 495 3910 repugnabo,
513 3855 564 3889 nee
581 3855 597 3888 a
617 3855 699 3908 scopo
718 3853 761 3888 me
779 3836 964 3887 aberraturum
984 3847 1042 3886 esse
1062 3833 1120 3887 telo

33 3911 161 3962 orationis
180 3907 296 3961 confido.

97 3999 193 4050 Talem
214 4015 255 4049 res
266 3997 315 4046 illa
331 3995 432 4046 exitum
449 3993 555 4057 habuit,
575 3995 598 4045 si
616 3991 727 4063 quidem
746 3991 881 4044 sententia
899 3991 999 4060 tragica
1016 3989 1120 4040 oratio-

32 4081 89 4118 uem
108 4069 235 4120 concludi
255 4074 380 4137 oportet,
399 4067 530 4136 quoniam
549 4063 686 4116 calamitas
703 4062 843 4132 tragoedia
861 4060 942 4132 digua
960 4069 1010 4122 est,
1030 4076 1120 4128 neque

33 4147 76 4188 aut
93 4139 183 4190 verbis
208 4153 316 4210 prorsus
334 4137 448 4205 attingi,
476 4145 523 4188 aut
541 4154 569 4188 re
590 4136 650 4204 ipsa
677 4135 740 4186 ferri
771 4141 870 4202 potest.
907 4133 1011 4184 utinam
1029 4139 1121 4182 autem

34 4210 116 4262 omnis
134 4210 181 4263 hic
210 4210 319 4263 miseria
347 4209 499 4274 cessaverit,
517 4224 553 4260 ue
572 4205 711 4261 audiamus
729 4203 851 4276 posthac,
870 4203 990 4256 nondum
1006 4201 1119 4254 vertisse
