2834 4898
231 335 302 413 174
523 320 693 438 [neonis
729 320 1019 434 οοιοιοιλτιοι]

226 503 293 580 βων
312 495 479 581 βασιλικὴν
499 497 611 583 αδλήν,
630 496 685 562 καί
704 493 945 582 καταμηνόοντα
966 499 1028 562 τοῖν
1043 497 1151 582 ‘Here
1172 502 1227 563 καί
1244 500 1311 562 τοῦ.

227 619 282 662 τον
314 597 523 686 χρησμῳδίαν
553 599 733 675 πολυζοιίας
760 581 937 682 μυοῦνεαι,
968 594 1031 678 εἴγε
1051 593 1108 680 τὴν
1128 596 1311 680 θεανδρικὴν
1411 625 1412 644 ¹

189 765 192 772 ,
226 698 285 760 τοῦ
304 699 417 780 κυρίου
446 695 536 779 ἡμῶν
558 695 664 781 Ἰησοῦ
691 699 838 778 Χριστοῦ
866 695 922 760 καί
941 697 998 780 τῆς
1025 691 1178 759 θεοτόκου
1200 695 1313 781 μητρός

226 797 261 862 ἐκ
282 792 406 860 πόντων
425 799 487 861 τῶν
507 797 678 881 ἐκκλησιῶν
699 799 762 860 reio
783 794 837 860 ὑπ’
859 792 958 862 αὐτόν
979 795 1084 860 odonis
1103 793 1313 876 ἀπαλείψειεν.

227 899 282 960 καί
300 894 339 980 δίη
362 894 379 958 d
404 891 557 982 φιλόζωος
578 892 765 970 ὑπακούσας
795 897 837 983 τῇ
858 896 1025 981 συμβουλῇ
1045 897 1109 958 τῶν
1130 893 1333 959 determinent

225 997 330 1070 πόσας
351 995 407 1069 τὰς
424 997 590 1081 ἐκκλησίας
610 993 669 1070 τός
690 986 789 1070 οόσας
813 997 905 1084 ἐνκνῇ
922 995 1008 1082 α’ρχῇ
1032 987 1135 1059 αδτοό
1157 993 1314 1059 διεσάλευ.

225 1119 290 1160 σεν.
333 1095 401 1159 ἀλλ’
424 1095 598 1180 ἀπατηθείς
619 1094 636 1159 ό
659 1098 797 1171 δείλαιος
824 1085 917 1179 εὗρεν
938 1091 1012 1173 ἄξια
1032 1092 1073 1159 τό
1097 1094 1245 1177 ἐπίχειρα
1266 1095 1315 1178 τῆς

224 1193 353 1271 α’νοίας·
393 1197 530 1279 μετῆλθε
558 1193 621 1278 γὰρ
646 1193 742 1260 αυίὁν
776 1193 795 1280 ἦ
820 1196 895 1259 θειά
917 1191 1007 1278 δίκη,
1028 1186 1118 1258 οόιιω
1139 1193 1314 1269 διελθόντος

222 1291 293 1370 ἑνός
318 1296 494 1361 ἐνιαυτοδ.ι
528 1287 568 1358 od
600 1293 617 1357 ό
647 1293 717 1371 υἱός
748 1291 969 1376 διαδεξόμενος
997 1292 1053 1376 τη“ν
1085 1293 1256 1376 ἡγεμονίαν
1276 1290 1314 1363 ὥς
1412 1283 1413 1294 ’

223 1394 454 1475 ψευδομάντεις
474 1393 594 1472 adrosis
614 1391 780 1479 ἠβουλήθη
806 1397 1005 1458 α’ποκτεῖναι·
1027 1392 1185 1472 μαθόντες
1207 1395 1243 1456 δὲ
1264 1383 1347 1462 ori-10
1412 1387 1413 1396 ¹

223 1516 272 1557 τοι
294 1493 484 1574 ἀνέκαμψαν
505 1496 538 1558 ἐν
554 1503 619 1571 τοῖς
636 1495 828 1580 Ἰσαυρικοῖς
847 1498 990 1578 μέρεσιν.
1012 1495 1057 1569 εἰς
1081 1489 1182 1577 πηγὴν
1201 1496 1238 1574 δέ
1251 1517 1313 1558 τινα
1412 1487 1413 1492 ¹

224 1591 460 1676 α’ναψυχόντων
481 1594 607 1680 ου’τῶν,
637 1595 708 1659 ι’δού
743 1586 833 1671 οὗτος
861 1593 879 1656 ό
902 1597 997 1658 Λέων
1018 1595 1177 1669 νεανίσκος
1198 1589 1246 1657 ἐτι
1267 1586 1314 1676 (όν,

225 1690 320 1768 καλός
351 1697 396 1782 τῷ
418 1687 496 1757 εἴδει
519 1696 575 1759 καί
602 1692 740 1780 εόμηκης
766 1693 809 1781 τη]
831 1691 965 1775 σώματι,
987 1692 1148 1777 βάναυσος
1169 1687 1228 1776 την
1249 1695 1315 1774 τέχ-

226 1817 291 1878 νην,
308 1793 341 1870 ἐξ
363 1793 465 1856 atreo
485 1789 543 1876 την
563 1793 648 1876 ζωὴν
678 1792 891 1878 ποριζόμενος,
912 1801 976 1868 τοῖς
998 1791 1183 1874 ὑποζυγίοις
1202 1815 1316 1876 περιτι.

225 1891 295 1968 θείς
316 1891 434 1978 φόρτον
454 1891 510 1956 καί
529 1884 720 1973 όπεμπολοόν
743 1893 829 1976 διέζη
845 1895 1028 1974 πτωχικιὸς·
1071 1895 1126 1955 καί
1146 1889 1184 1974 δή
1207 1893 1243 1954 ἐκ
1263 1893 1316 1954 roi
1324 1903 1348 1955 15
1413 1911 1414 1918 ¹

225 1989 398 2074 όποζυγίου
420 1992 492 2057 τότε
525 1991 645 2080 φόρτον
671 1987 894 2073 περιελόμενος
927 1995 1055 2057 ἐκάθισε
1077 1995 1132 2056 καί
1150 1989 1246 2067 αὐτός
1268 1994 1317 2056 ἐπί

200 2091 264 2179 ’τῇ
287 2093 370 2177 πηγῇ
392 2091 435 2169 oie
456 2089 647 2176 οἶριστὴσων.
688 2087 755 2157 εἶτα
779 2089 809 2156 nt
831 2095 893 2156 seio
912 2093 1177 2176 ἐγγαστριμύθων
1198 2087 1316 2172 μόοται

224 2189 384 2274 μυοόνται
414 2189 514 2257 αδτδν
542 2184 601 2256 Ιτοῦ
624 2193 777 2277 κατάρξαι
796 2195 852 2277 τῆς
879 2191 1058 2275 Ῥωμαϊκῆς
1077 2195 1244 2274 βασιλείας
1261 2195 1317 2254 τῶν

224 2290 400 2377 σκήπτρων·
445 2293 501 2356 καί
519 2295 577 2356 soei
598 2297 736 2367 Λέοντος
757 2293 1025 2377 α’ναβαλλομένου,
1046 2293 1101 2356 ἐπί
1120 2292 1159 2378 τῇ
1178 2292 1315 2378 εδτελείηι

224 2389 327 2456 odensi
346 2393 547 2476 α’φοριδντος,
579 2387 685 2475 ὅρκοις
706 2397 953 2476 πληροφορεῑται
974 2387 1035 2454 sind
1058 2393 1121 2454 suiv
1143 2389 1251 2454 α’θέων
1270 2384 1349 2456 trent

224 2492 328 2555 ταῦτα
351 2487 451 2566 οὕτως
481 2489 549 2574 ἔχει
578 2493 735 2574 γενέσθαι.
778 2494 833 2555 καί
860 2488 899 2574 δη
924 2490 1092 2554 αἰτούντων
1116 2491 1225 2556 adreio
1247 2484 1316 2570 δμδ-
1414 2487 1415 2520 ³

224 2615 282 2656 σαι
303 2593 410 2666 ου’τοῖς
431 2591 484 2656 ἵνα
502 2593 534 2655 εἰ
552 2585 616 2674 ἄρα
636 2593 681 2667 εἰς
701 2592 799 2674 πέρας
816 2587 915 2664 ἔλθοιΙ
935 2593 1044 2670 τοῦτο,
1065 2590 1148 2655 εἴτι
1170 2586 1209 2655 ἐν
1232 2593 1315 2674 αἰτη-

226 2691 270 2777 θῇ
291 2696 367 2772 παρ’
385 2691 502 2777 ου’τοόν,
524 2692 748 2775 α’νυπερθέτως
777 2690 875 2754 δώσει
905 2691 1032 2764 adroic·
1075 2681 1112 2774 ἦν
1134 2693 1169 2755 δέ
1191 2693 1317 2774 πλησίον

227 2787 303 2866 ναός
321 2791 380 2854 τοῦ
412 2785 504 2873 ἆγίου
540 2787 721 2876 Θεοδώρου,
752 2789 808 2853 καί
824 2787 978 2854 εἰσελθών
999 2788 1101 2866 stote
1124 2786 1139 2852 ό
1161 2788 1316 2875 βάναυσος

294 2971 322 3028 4.
342 2971 469 3029 αὕιοῦῦ
554 2971 726 3029 8.αόιοῦο
816 2973 859 3026 17.
879 2975 910 3026 οἱ
926 2974 1019 3026 omC.

225 3143 325 3196 Christi
346 3151 374 3195 et
392 3143 501 3196 divinus
520 3143 612 3196 matris
634 3161 668 3196 cx
688 3141 812 3195 omnihus
839 3143 959 3195 ecclesiis
977 3159 1046 3214 quae
1066 3143 1115 3196 sub
1137 3147 1195 3198 eius
1214 3145 1314 3200 ditione

225 3223 317 3268 essent
342 3217 508 3267 extrusisset.
544 3224 627 3286 etque
650 3215 698 3266 ills
715 3215 787 3267 vitae
806 3229 913 3277 umens,
941 3216 1057 3267 virorum
1085 3217 1313 3270 fraudulentorum

224 3287 339 3339 consilio
359 3285 503 3341 obsecutus
527 3303 620 3338 onsnes
648 3303 711 3337 sune
738 3285 850 3338 ditionis
877 3287 1003 3338 ecclesius
1029 3288 1149 3353 delevit;
1167 3287 1216 3341 sed
1236 3290 1314 3341 salsus

224 3357 307 3410 miser
324 3359 446 3410 meritam
473 3359 598 3410 vesaniae
625 3373 740 3426 poenum
758 3355 853 3424 dedit3
883 3358 996 3410 secessit
1015 3375 1075 3411 eusn
1095 3361 1167 3412 enim
1187 3361 1257 3413 ultio
1276 3359 1313 3410 di-

223 3430 287 3480 vius
306 3428 518 3480 sunououdum
540 3437 642 3481 exacto.
681 3430 738 3480 eius
771 3427 842 3478 iilius
869 3445 953 3500 quum
973 3430 1000 3481 ci
1020 3431 1199 3494 successisset,
1217 3431 1314 3484 utfnl-

225 3517 268 3552 sos
295 3507 370 3552 votes
404 3517 451 3552 eos
477 3500 668 3552 interfecturus
693 3506 766 3563 erat3
793 3497 867 3567 quod
899 3517 982 3569 quum
1008 3501 1050 3552 illi
1078 3505 1273 3572 comperissent
1289 3502 1315 3552 in

224 3572 330 3624 Isauros
348 3569 520 3640 aufugerunt.
557 3569 693 3641 quondum
712 3587 796 3641 quum
815 3569 844 3619 hi
863 3585 948 3640 prope
965 3571 1069 3623 fontem
1089 3575 1207 3644 quietem
1228 3587 1314 3624 sume·

225 3650 294 3704 rent,
310 3643 471 3711 supervenit
490 3643 561 3704 Leo,
580 3641 719 3694 etiamtum
749 3638 907 3692 adolescens
928 3640 1059 3694 formosus
1080 3661 1111 3696 ec
1130 3661 1241 3714 procero
1258 3659 1314 3694 cor-

224 3728 300 3781 pore,
316 3713 364 3784 qui
384 3712 492 3765 sordida
511 3721 576 3764 erte·
591 3712 760 3765 sustentabat
778 3710 859 3761 vitam
881 3718 909 3763 et
928 3712 1061 3766 mercibus
1081 3716 1209 3767 iumentis
1226 3715 1313 3784 impo-

224 3783 283 3834 sitis
302 3782 475 3853 venditisque
494 3786 589 3835 misere
613 3784 713 3834 victum
733 3780 894 3850 quaerebam
918 3791 976 3834 turn
1008 3787 1258 3838 iumentumonere
1274 3784 1314 3833 le-

222 3854 297 3906 varit
321 3853 472 3924 prendendi
504 3871 583 3906 causa
609 3863 636 3905 st
663 3856 722 3922 ipse
747 3851 781 3903 ed
807 3853 910 3903 iontem
928 3856 1059 3907 consedit.
1095 3856 1159 3907 huic
1178 3857 1217 3908 ilii
1237 3855 1313 3924 genio

221 3925 378 3978 vaticinium
399 3933 558 3993 suggerente
576 3923 746 3994 praedicunt,
765 3921 823 3974 sore
842 3930 872 3973 ut
889 3923 1068 3977 Romanorum
1086 3921 1201 3998 imperio
1221 3926 1311 3995 potie-

223 4001 269 4046 tur
285 4003 314 4048 et
330 4011 387 4047 nnn
405 3995 527 4048 credenti
545 3997 587 4046 ilii
609 4004 636 4047 et
648 4002 835 4064 paupertatem
854 3996 1010 4063 respicienti
1031 3999 1187 4050 iuramentis
1205 4011 1313 4066 persue-

223 4073 318 4119 ssrunt
338 4065 421 4129 othei,
439 4067 477 4116 ita
494 4083 553 4118 esse
573 4065 702 4118 futurum.
739 4074 796 4116 turn
810 4063 863 4116 iuri
883 4066 998 4119 iurando
1019 4085 1082 4119 eum
1101 4069 1221 4137 adigunt,
1243 4063 1314 4117 eisd

224 4151 285 4188 eum
306 4137 386 4189 tinem
404 4137 565 4207 pervenerit.
584 4141 643 4187 se'ss
662 4136 751 4188 statim
770 4135 900 4186 iacturum
922 4139 996 4208 quod
1016 4156 1075 4191 eum
1094 4138 1255 4208 postulaturi
1272 4152 1314 4187 es-

224 4217 293 4260 sent·
329 4223 415 4278 prope
433 4215 491 4260 erut
511 4208 549 4260 St.
563 4207 701 4260 Theodori
720 4205 871 4276 tempium
893 4208 922 4258 in
941 4208 969 4261 id
987 4211 1122 4280 ingressus
1140 4213 1192 4262 Leo
1211 4215 1313 4262 sanctos
