2834 4898
386 339 755 410 cuuououusrum.
781 394 784 407 .
1038 331 1108 404 251

42 492 132 574 μένην,
150 493 205 554 καί
223 491 378 571 α’τιογνσύς
400 493 562 574 ε’καθὲοθη
583 494 637 560 ε’ντί
653 493 708 574 τῆς
720 495 823 576 κλίνης
835 493 949 558 τίλλων
970 492 1026 567 τοὶς
1043 498 1113 574 τρι·-

42 591 220 672 pesariensi.
271 592 327 654 rori
359 593 394 656 di
428 594 583 671 βασιλέως
615 587 710 656 ὕπνον
732 591 859 678 θανάτῳ
894 592 1113 676 τιαραττλήσισν

43 691 221 769 κοιμωμένου
252 685 380 771 α’θρόανς
409 689 513 754 ἐλθών
544 695 712 764 Βασιλειος
739 689 820 771 μετά
849 689 904 754 καί
924 683 1038 771 ἑτέρων
1056 688 1114 766 τάς

43 785 131 869 θάρας
159 790 311 874 α’νὲιμξεν·
364 786 420 852 καί
439 784 586 872 ἔμφοβυξ
603 789 741 866 ε’ξελθάν
768 789 909 870 Ἰγνάτιος
931 790 1115 854 ιίντέτιιιιτεν

26 888 184 972 οΒασιλείιρ
204 885 249 968 μὴ
273 888 435 952 εἰσελθεῖν.
459 890 584 972 Πέτρος
605 890 640 952 δὲ
662 887 882 972 άΒσυλμαρος
903 885 957 952 dsoi
979 887 1115 970 τῆςτοῦ

44 986 197 1052 Βασιλείαν
219 982 388 1070 μασχάλης
418 983 553 1051 διελθών
572 983 653 1070 τιρός
682 985 739 1069 την
760 988 865 1071 κλίνην
885 989 943 1052 τοῦ
959 989 1115 1068 βασιλέως

43 1082 185 1166 ἐκρατήθη
214 1081 301 1164 παρά
329 1079 499 1168 ’ίγνατίου,
526 1083 583 1150 καί
612 1084 844 1158 ἀντικόπτοντος
872 1084 956 1170 αὐτῷ
985 1081 1115 1164 ἔξυπνος

44 1185 146 1263 ἐγένετο
167 1178 185 1242 ri
205 1172 369 1264 βασιλεάςζ
414 1181 559 1270 Ἰωάννης
587 1185 623 1250 δὲ
650 1183 669 1248 (i
698 1181 827 1260 Χάλδος
855 1183 1001 1264 τιαρευθά
1031 1180 1112 1263 μετά

44 1283 88 1343 τοῦ
106 1287 215 1364 ξίφους
236 1281 312 1357 doris
333 1285 422 1371 τιν’τρῖ
441 1275 601 1364 άντίκοψεν
631 1279 689 1358 τάς
711 1290 822 1364 χεῖρας
845 1281 954 1361 αὐτοῦ,
974 1282 1115 1364 luculli·
1123 1293 1157 1346 56

18 1382 104 1464 ίλτζης
124 1381 157 1444 di
178 1381 235 1446 καί
265 1379 282 1445 ὁ
316 1384 449 1466 Πέρσης
477 1380 529 1448 τὸν
548 1379 796 1447 Βασιλισιιιανάν
825 1385 910 1468 ξίφει
939 1381 1144 1464 τρώσαντεςΒ

44 1477 164 1568 ἔρριψαν
197 1481 300 1548 aristis
330 1474 455 1546 άνονθεν
479 1479 571 1546 ιιάτισ.
613 1478 785 1562 Μαριανὸς
815 1483 850 1546 δὲ
872 1481 927 1546 καί
947 1477 1116 1560 Βάρὸαςὸ

45 1578 129 1662 πατὴρ
148 1581 323 1648 Βασιλείου
346 1578 401 1645 καί
414 1583 653 1654 Κανσταντῖνσς
675 1579 693 1642 ὁ
716 1583 867 1666 Τοξαροῖς,
886 1573 973 1646 οὗτοι
990 1582 1115 1644 ἵσταντο

45 1674 107 1758 τρός
127 1677 273 1764 φυλακην
302 1676 435 1758 ἔξωθεν·
485 1680 539 1742 καί
557 1677 661 1753 ου’ίείς
688 1682 750 1747 ταῖν
770 1678 850 1761 μετά
873 1677 1011 1762 Μιχαηλ
1035 1676 1115 1760 ἔγνω

45 1775 73 1838 τά
90 1779 242 1860 γινόμενα.
284 1779 568 1862 συναθροισθέντες
595 1781 630 1842 di
661 1773 691 1842 ui
722 1777 801 1862 μετά
826 1781 999 1845 Βασίλειον
1019 1774 1065 1842 iss
1088 1780 1119 1842 τί

19 1875 87 1942 θεαί
104 1874 156 1952 τάς
175 1887 291 1962 χεῖρας
320 1878 424 1942 αὐτοῦ
443 1876 622 1959 ἐκόφαμτν,
643 1880 745 1956 ζῶντα
766 1878 864 1942 aristis
885 1879 1043 1957 εἰάσαμεν·
1063 1879 1119 1941 καί

45 1973 89 2038 ἐάν
107 1979 151 2062 ζῇ,
173 1983 207 2044 τί
226 1975 494 2060 ἀπολογησόμεθα
501 2002 512 2058 ,·
533 1979 588 2042 καί
599 1977 973 2065 χαριζόμενοςΒασιλεάμ
995 1977 1011 2038 ὁ
1023 1975 1117 2042 Χάλ.

45 2075 86 2148 θος
103 2076 308 2160 ὑποστρέψας
339 2068 415 2160 εὗρε
447 2075 586 2158 Μιχαὴλ
615 2085 728 2159 χεῖρας
757 2080 816 2158 μὲν
845 2075 890 2160 μὴ
919 2075 1042 2158 ἔχοντα,
1063 2073 1124 2138 εἰιὶ

45 2175 86 2253 τῆς
106 2180 206 2260 κλίνης
228 2179 265 2240 δὲ
290 2178 432 2256 κείμενον
450 2176 757 2258 ἐλεεινολαγαάμενσν
770 2172 850 2240 κατά
869 2176 1053 2240 Βασιλείαν.
1097 2171 1116 2238 si

46 2273 72 2336 di
95 2272 127 2338 τὸ
159 2277 252 2360 ξίφος
280 2274 397 2356 γυμνὸν
424 2277 563 2360 α’νηλειός
588 2273 698 2358 ἔπηξεν
734 2272 816 2340 κατά
835 2275 889 2358 τῆς
905 2277 1039 2356 καρδίας
1057 2277 1116 2339 τοῦ

18 2375 191 2458 λλβαοιλὲοος,
214 2375 385 2455 διασχισας
406 2372 444 2438 τά
465 2371 580 2455 ἔγκατα
609 2375 721 2454 aoros,
743 2377 798 2440 καί
816 2375 969 2460 στραφείς
989 2379 1146 2440 basau-(l

46 2471 108 2550 χάιυ
128 2471 204 2555 πρὸς
227 2475 397 2538 Βασιλεισν
418 2467 460 2548 σάς
482 2473 715 2557 ἀνδραγάθημα
735 2473 917 2557 πεποιηκώς.
960 2472 1117 2548 κλύδωνος

47 2569 74 2630 di
101 2563 185 2647 ὄντος
215 2575 251 2636 ἑν
277 2573 317 2657 τῇ
345 2570 490 2660 θαλάσση
522 2576 809 2657 συναθροισθέντες
838 2574 993 2654 κατῆλθον
1020 2576 1118 2656 μέχρι

49 2669 93 2730 τοῦ
112 2666 313 2756 τιτράματος,
339 2669 395 2737 καί
414 2668 660 2756 διαπεράσαντες
689 2665 787 2756 η’λθον
808 2673 853 2747 τίς
874 2669 930 2736 τὸν
950 2666 1033 2737 οίιιυν
1053 2673 1118 2739 Ετί·

51 2939 84 2974 rus
98 2927 230 2980 confusam
259 2929 369 2998 reperit.
413 2945 496 3001 quare
520 2928 549 2982 in
569 2927 785 3000 desperationem
807 2927 912 2991 ductus,
933 2928 1046 2999 capillos
1063 2929 1118 2984 sibi

52 2995 144 3062 vellens,
162 3001 189 3051 in
208 2999 281 3053 lecto
300 2999 421 3052 sedebat.
462 3001 623 3070 imperatore
641 3017 704 3053 vero
722 3017 843 3053 somnum
870 3000 951 3052 morti
970 3017 1118 3070 quampro-

51 3065 132 3120 ximum
157 3069 368 3135 obdormiente,
386 3069 532 3156 derepente
558 3070 671 3124 Basilius
697 3087 757 3122 cum
778 3072 838 3124 aliis
857 3071 1005 3122 adveniens
1022 3072 1116 3128 ianuas

52 3141 144 3203 aperuit.
180 3142 354 3193 tremefactus
373 3141 493 3209 ignatius
511 3143 539 3192 in
558 3141 696 3194 adversum
716 3142 831 3206 obstitit,
848 3159 882 3193 ue
899 3141 1013 3194 Basilius
1031 3143 1116 3196 intra·
1200 3187 1207 3191 .

52 3215 89 3258 ret.
119 3211 208 3264 Petrus
226 3221 316 3264 sutem
335 3211 473 3280 bulgarus,
491 3212 540 3266 sub
553 3211 644 3278 Basilii
662 3213 744 3264 axilla
762 3215 881 3282 irrepens
901 3221 928 3264 et
945 3212 980 3264 ad
997 3213 1115 3282 impera-

53 3279 102 3330 turis
120 3281 214 3335 lectum
237 3292 390 3352 penetrans,
408 3284 443 3334 ab
461 3284 566 3351 Ignatio
583 3285 653 3336 uires
672 3282 793 3336 aduersas
812 3292 967 3352 opponente
989 3282 1116 3335 detentus

52 3355 94 3408 eur
112 3367 141 3404 ετ
160 3371 214 3423 quo
231 3371 339 3406 somnus
357 3356 526 3424 imperatorie
546 3356 660 3406 solutus.
678 3356 793 3406 loannes
809 3371 873 3405 vero
893 3352 1021 3406 Clrsldius
1036 3355 1116 3422 plaga

52 3418 124 3484 gladio
140 3423 242 3490 inflicta
268 3443 363 3478 manus
385 3427 442 3477 eius
470 3423 593 3488 abscidit,
612 3424 759 3476 lacobitzes
778 3441 841 3476 vero
862 3426 936 3476 Persa
956 3432 985 3476 et
1002 3425 1049 3476 alii
1065 3423 1117 3476 Bn-

52 3489 196 3547 siliscinnum
215 3497 455 3548 ensevulneratum
475 3513 489 3546 e
510 3497 583 3548 lecto
600 3497 629 3548 in
647 3497 829 3566 pauimentum
849 3494 1036 3550 deturbarunt.
1056 3496 1116 3546 Ma-

53 3559 123 3614 rianus
141 3574 229 3618 nutem
251 3575 279 3619 et
297 3575 374 3635 pater
392 3565 484 3618 basilii
500 3565 598 3620 bardos
618 3575 646 3619 et
664 3566 855 3618 Constantinus
873 3567 991 3617 Tosaras
1009 3565 1118 3618 stabant

52 3629 103 3682 foris
118 3635 145 3687 in
162 3636 293 3699 excubiis,
310 3638 349 3689 ita
370 3646 400 3689 nt
420 3636 627 3690 domesticorum
646 3638 746 3700 nullus,
763 3654 833 3708 quoe
851 3653 911 3688 cum
924 3635 1057 3691 Michaels
1071 3651 1118 3704 ge-

53 3699 168 3771 rebantur,
186 3708 306 3761 resciret·
342 3716 370 3760 at
386 3709 518 3760 coniurati
537 3726 596 3760 curn
608 3709 709 3760 basilio
726 3707 835 3760 collecti
849 3708 932 3758 “licet
947 3723 1041 3761 manus
1058 3708 1118 3760 eius

53 3776 270 3841 praesciderimus‚
296 3778 384 3830 vivum
411 3787 500 3830 tamen
527 3780 701 3850 reliquimns'’
730 3778 868 3830 dixerunt:
887 3777 928 3830 “'si
946 3777 1119 3847 superfuerit,

54 3856 116 3908 quam
133 3845 318 3902 defensionem
335 3849 529 3902 habebimur*
572 3869 631 3902 mox
653 3849 781 3900 Chalslius
802 3849 928 3900 Basilium
953 3849 1119 3918 promeritu-

54 3926 88 3962 rus
104 3915 168 3968 intro
195 3936 348 3988 regressus,
365 3920 525 3972 Michaelem
552 3921 677 3989 praecisis
699 3921 824 3973 manibus
852 3919 886 3970 de
904 3917 1004 3971 Basilio
1022 3921 1120 3972 misero

55 3995 243 4060 ¹conquerentem
272 3999 300 4043 et
319 3991 349 4042 in
368 3992 438 4043 lecto
457 3992 590 4044 iacentem
609 3993 718 4060 reperit,
740 4000 767 4042 et
786 3991 935 4042 districtum
953 3988 1071 4057 gladium
1091 3990 1119 4044 in

55 4061 202 4121 operatoris
222 4079 267 4113 cor
284 4061 428 4114 crudeliter
447 4063 546 4127 selegit,
574 4070 601 4113 et
621 4063 749 4114 intestina
768 4059 825 4112 eius
844 4059 966 4126 discidit,
984 4076 1119 4114 reversus-

55 4127 142 4188 quoad
160 4129 288 4184 Basilium
306 4132 481 4202 gloriebatur,
500 4133 581 4202 qussi
596 4133 699 4184 focinus
718 4134 852 4201 egregium
871 4139 1010 4198 patrasset.
1048 4139 1119 4182 tem-

49 4201 135 4258 neustr
153 4209 241 4257 autem
258 4204 289 4258 in
312 4205 379 4256 mari
399 4211 499 4272 exorta,
518 4221 572 4256 una
591 4204 782 4258 couvenientes
813 4201 848 4255 ad
868 4203 975 4268 fretum,
992 4201 1117 4272 illudque
