2834 4898
281 319 353 392 τοο
571 249 746 403 linoms
775 295 1061 409 naamanin]

278 476 398 542 άθλόαν
418 471 517 538 αότοά
538 468 651 554 ψυχὴν
673 470 830 554 ἀπέρρηξε
851 467 950 559 μόρηι.
1001 469 1058 536 τόν
1079 471 1115 534 tt
1135 471 1192 556 τῆς
1213 469 1360 556 άρχιερσ.

279 573 376 660 οόνης
397 567 511 657 θρόνον
529 578 676 653 κατεῖχεν
695 567 922 650 Ἀνοιστάσιος,
953 571 1008 634 καὶ
1029 566 1177 653 όεότερος
1195 569 1276 650 μετά
1298 578 1358 635 τοῦ·
1412 649 1413 656 ¹

276 699 333 740 τον
353 677 589 745 Κωνσταντῖνος
609 666 625 734 ό
645 667 913 756 άπαιεφαλισθεός
933 672 967 734 όν
986 671 1031 758 τῷ
1049 675 1194 760 κυνηγίῳ,
1216 677 1315 758 τρίτος
1331 676 1360 739 δὲ

277 771 355 859 μετά
377 775 490 838 τοῦτον
512 771 664 857 Νικήτης,
695 769 806 843 πάντες
827 765 988 856 αόρετιιιοό.

429 950 514 1004 Atura
535 943 550 1002 ό
568 941 628 1006 υἱός
645 945 696 1000 τοῦ
708 942 909 1017 Κοπρωνάμου
927 943 942 1000 ό
963 946 993 1000 ἐκ
1010 946 1058 1013 τῆς
1077 950 1222 1018 Χαζάρας.
1364 958 1376 1008 5

97 1085 102 1092 “
180 1079 264 1154 ,ςητέ
360 1077 457 1144 Λέων
480 1071 496 1138 ὃ
516 1074 551 1138 ἐκ
574 1073 633 1156 τῆς
655 1067 822 1153 Χαζάρας,
846 1068 864 1134 ό
885 1068 952 1147 οἷός
971 1071 1072 1137 αὐτοῦ
1091 1074 1297 1155 ἐβασιλευσεν
1315 1075 1359 1160 ἔτη

277 1179 376 1242 πέντε.
426 1165 518 1247 οὗτος
551 1165 666 1255 ἤρξατο
697 1171 923 1256 εἠισπλοάσθαι
944 1171 998 1237 ἐπὶ
1016 1181 1081 1250 τοῖς
1103 1180 1359 1261 καταλειφθεῖσιν,

276 1270 554 1356 ἐξευμενισάμενος
571 1278 635 1346 τοῖς
650 1271 684 1334 όν
702 1270 784 1333 τέλει
804 1271 860 1331 καὶ
873 1269 919 1357 τῷ
940 1274 1016 1360 λαῷ,
1032 1269 1165 1356 εόσεβης
1179 1267 1263 1338 εἶναι
1274 1299 1359 1356 προσ.

273 1371 484 1458 ποιησάμενος
520 1372 576 1434 καί
614 1371 705 1455 φιλος
739 1370 795 1452 τῆς
827 1368 980 1434 θεοτόκου
1015 1371 1069 1435 καὶ
1107 1375 1170 1439 τῶν
1200 1379 1358 1458 μοναχιόν,

275 1470 556 1558 προχειρισάμενος
584 1470 640 1534 sui
671 1470 905 1553 μητροπολίτας
933 1468 1022 1546 τινάς
1055 1477 1112 1537 καί
1142 1473 1304 1557 μσναχσός
1331 1465 1414 1538 ivit}

275 1571 405 1658 θρόνοις
434 1572 526 1635 τισόν.
581 1566 778 1642 εἰσελθόντες
811 1560 868 1632 σόν
895 1567 925 1634 οἱ
950 1571 1011 1636 τῶν
1041 1572 1190 1651 θεμάτων
1221 1568 1359 1656 ἄρχοντες

277 1671 337 1738 οὐν
356 1674 398 1758 τῷ
420 1673 524 1758 πολληῑ
543 1669 659 1754 πλήθει
680 1671 772 1753 ἐτεῇ
790 1669 884 1734 πόλει.
908 1667 1037 1756 ᾐτοῦντο
1060 1674 1298 1738 Κωνσταντῖνον
1317 1669 1359 1736 τόν

275 1767 348 1835 υἱόν
370 1772 469 1833 σότοῦ
489 1771 636 1850 βασιλέα.
679 1762 745 1831 orii
767 1765 821 1830 διά
839 1765 913 1842 τοός
933 1766 1094 1854 άόεληοός
1116 1769 1236 1845 οιότοάς
1258 1773 1359 1844 όεόιάς

275 1868 489 1953 ἀπεδήλωσεν
522 1868 629 1942 αότοΐς
665 1862 711 1930 ότι
744 1864 852 1942 όυὶός
874 1891 937 1948 μου
958 1866 1127 1952 μονογενής
1146 1875 1206 1950 μοι’
1222 1873 1298 1955 ἐστι,
1314 1868 1359 1934 καὶ

274 1971 439 2056 φοβοῦμαι
470 1970 563 2032 τοῦτο
592 1970 742 2048 ποιῆσαι,
769 1967 903 2052 μήπως
929 1971 1037 2056 συμβῇ
1056 1991 1112 2050 μοι
1144 1967 1292 2052 θάνατος,
1315 1974 1386 2033 uuili

272 2074 386 2152 νησίον
408 2066 510 2132 αότοῦ
530 2059 619 2142 όντος
639 2065 846 2152 θανατάσητε
867 2065 966 2134 αόιόν
986 2070 1041 2134 arui
1060 2064 1163 2134 ἄλλον
1181 2071 1247 2136 α’ντ’
1267 2071 1359 2134 arisai
1414 2109 1415 2140 η

272 2170 514 2251 προβάλλονται.
557 2163 587 2230 οἷ
609 2167 645 2230 st
658 2170 733 2247 μεθ’
756 2162 859 2251 ὅρκων
880 2166 1021 2252 φρικτόν
1047 2165 1286 2255 ἐπληροφόρσυν
1308 2169 1358 2232 αό-
1414 2203 1415 2206 ¹

273 2265 330 2333 τόν
356 2265 401 2352 μη
424 2268 577 2344 δέξασθαι
604 2257 702 2331 άλλον
729 2269 863 2347 βασιλέα
894 2265 985 2343 ἐκτός
1014 2261 1126 2334 aaroni.
1169 2267 1234 2332 α’πό
1259 2271 1292 2334 δὲ
1312 2271 1358 2350 τῆς

271 2367 451 2452 βαῖοφόρου
482 2369 543 2442 ἕως
568 2369 625 2450 τῆς
646 2364 787 2450 μεγάλης
806 2369 947 2452 πέμπτης
967 2375 1060 2432 τοῦτο
1080 2364 1221 2456 ᾐτοῦντο.
1275 2371 1310 2455 τῇ
1327 2369 1357 2431 ii

271 2461 345 2558 άμήι
367 2470 555 2555 παρασκευῇ
576 2470 738 2534 ἐκέλευσεν
756 2465 873 2550 ὀμόσαι
894 2467 1010 2543 ου’τοός
1029 2470 1076 2543 εἷς
1096 2466 1136 2534 τά
1159 2474 1250 2550 τόμια
1271 2470 1384 2548 ξύλινοί)

273 2569 329 2633 καί
357 2559 486 2649 ὤμοσαν
516 2569 549 2632 οἳ
567 2590 601 2631 τε
623 2569 686 2632 τεόν
704 2564 856 2649 θεμάτων
882 2569 938 2633 καί
956 2571 1021 2633 ταῖν
1044 2566 1107 2634 ἔσω
1126 2565 1291 2652 ταγμάτων
1309 2570 1356 2631 sui

349 2744 391 2796 11.
408 2743 563 2819 θεαμάτων
581 2745 720 2798 Cramerus
734 2742 872 2816 ’θεμάτων
892 2743 951 2798 cot.

270 2903 341 2955 brari
362 2909 470 2956 utvere
500 2903 646 2973 deiparam.
691 2906 729 2958 ita
750 2904 832 2973 igitur
850 2921 933 2976 quum
957 2904 1092 2974 deiparam
1112 2905 1225 2956 Mariam
1244 2911 1351 2957 vocasset

271 2973 453 3044 omnibusque
468 2977 630 3038 mandasset,
648 2984 678 3027 ut
694 2982 885 3027 venerarentur
904 2984 932 3028 et
944 2977 1120 3028 adorarentur
1138 2976 1272 3045 deiparam
1290 2993 1350 3026 senr-

271 3061 319 3114 per
345 3046 493 3113 virginem,
525 3047 597 3116 gravi
627 3055 654 3098 et
671 3047 767 3098 misera
786 3053 872 3098 morte
900 3048 1016 3100 animam
1035 3047 1143 3099 elllarit.
1180 3049 1349 3118 episcopatum

270 3117 360 3168 tenuit
377 3117 549 3179 Anastasius,
565 3125 629 3186 port
646 3116 718 3168 hunc
736 3117 946 3183 Constantinus,
967 3119 1011 3170 aui
1031 3120 1059 3171 in
1078 3121 1150 3170 eirca
1172 3129 1254 3189 caput
1273 3117 1349 3169 absci-

270 3203 328 3240 sum
347 3195 485 3260 postremo
504 3189 622 3252 Nicetes,
639 3205 731 3240 omnes
749 3188 888 3242 haeretiei.

643 3355 697 3410 Lno
715 3355 872 3410 carnonam
896 3371 992 3410 riorus.

338 3480 393 3533 Leo
414 3479 576 3550 copronymi
595 3495 629 3532 ex
649 3479 765 3532 Chasira
785 3479 858 3532 fitius
885 3479 901 3531 5
922 3495 1005 3530 annos
1027 3480 1154 3548 regnavit.
1192 3480 1236 3532 hie
1256 3478 1287 3532 ab
1305 3475 1348 3530 ini-

271 3551 370 3617 liniis,
389 3553 437 3624 qni
457 3552 545 3603 relicti
564 3558 655 3614 erant,
676 3551 837 3602 benevolum
868 3567 897 3602 ιε
915 3551 1058 3620 praestitit,
1077 3552 1247 3619 magistratus
1267 3560 1292 3604 et
1302 3564 1348 3671 po·

271 3623 366 3693 pulum
385 3623 437 3674 sibi
465 3623 657 3676 conciliaturus
678 3629 706 3673 et
724 3623 799 3692 pians
820 3637 848 3674 se
872 3621 1000 3672 simulans
1020 3629 1048 3672 et
1066 3620 1193 3692 deiparae
1211 3639 1301 3674 monac
1319 3620 1347 3669 is-

272 3710 325 3764 que
342 3695 456 3745 amicum
476 3695 661 3763 metropolitas
682 3691 811 3764 quosdam
829 3693 895 3744 lecit
914 3700 942 3744 et
961 3693 1099 3743 monachis
1119 3694 1287 3764 episcopatus
1305 3689 1347 3742 ob-

272 3767 345 3816 tulit.
382 3763 509 3818 adierunt
537 3781 598 3816 eum
619 3764 758 3832 legionum
780 3764 911 3834 praefecti
938 3781 997 3814 cnm
1017 3779 1112 3832 magno
1133 3767 1231 3816 civium
1249 3775 1345 3816 numero

234 3877 237 3886 ,
272 3834 499 3907 pertuleruntque
524 3844 555 3887 ut
582 3833 789 3888 Constantinum
815 3835 901 3886 lilium
925 3851 1013 3902 regem
1039 3835 1206 3902 ‹traignare23
1233 3835 1348 3900 illevero

272 3907 367 3959 fratres
384 3907 498 3971 timeas,
516 3905 596 3970 dixit,
613 3905 699 3956 lilium
717 3905 770 3958 sibi
790 3923 848 3958 esse
877 3905 987 3957 unicum
1004 3923 1087 3976 seque
1109 3907 1180 3957 illud
1201 3909 1284 3957 iacere
1300 3915 1346 3954 noa

273 3979 389 4040 andere,
412 3994 447 4029 nr
465 3978 488 4029 si
518 3977 588 4029 sorte
614 3986 784 4040 moreretur,
809 3975 932 4028 relictum
961 3979 1104 4046 puerulum
1132 3979 1308 4028 interficerent
1323 3978 1346 4020 et

274 4050 355 4100 alium
373 4065 423 4117 pro
444 4065 476 4100 eo
495 4064 584 4116 regem
611 4057 740 4099 crearent.
788 4048 829 4096 illi
847 4056 935 4099 autem
964 4050 1115 4117 gravissimo
1143 4045 1307 4100 iureiurando
1322 4057 1345 4092 ιε

274 4120 484 4192 obstrinxprunt,
502 4119 606 4170 nullum
620 4119 701 4170 ulium
718 4135 803 4184 regem
816 4117 867 4168 nisi
890 4135 948 4169 enm
970 4137 998 4170 se
1018 4128 1160 4171 creaturos.
1197 4119 1247 4170 line
1263 4133 1278 4168 a
1297 4113 1344 4183 pal·

274 4207 375 4245 nuaram
399 4189 444 4244 slie
471 4203 556 4262 usque
578 4187 612 4242 sd
640 4190 762 4262 quintum
790 4189 884 4242 leriam
916 4199 979 4243 aute
1005 4190 1101 4262 pascha
1117 4191 1266 4262 petierunt;
1283 4199 1342 4240 sacra
