2892 4904
567 331 717 398 NOTAE.
857 381 859 386 .
1121 323 1195 398 523

184 490 226 556 72
267 483 442 560 deiicerer]
473 483 579 568 iniqua
613 485 785 548 sententia:
819 481 901 550 unde
925 494 958 554 et
979 485 1202 549 Constantinus

100 577 205 642 solum
228 579 347 632 metum
376 591 411 629 eu
431 589 525 630 cervo
546 570 663 646 refert,
686 569 808 652 reliqua
828 578 865 632 ut
884 565 991 632 odiosa
1009 569 1133 644 Basilio,
1158 573 1203 632 si..
1238 597 1241 604 ·

98 663 200 723 lentio
220 655 361 740 premit3
387 652 466 713 iliius
498 653 593 736 magis
617 652 743 716 landum
771 663 893 730 orator,
916 675 1010 740 quam
1033 676 1140 743 reruni
1162 655 1201 720 ab

99 767 141 808 eo
163 750 318 828 gestarum
340 743 444 800 certus
463 745 643 800 enarrator.

188 841 229 903 78
251 835 418 920 depositio,
443 859 536 919 quam
557 837 786 897 santabarenus
805 835 908 916 poscit
918 843 955 896 nt
972 837 1073 897 nudus
1093 857 1200 904 sacen.

100 926 193 988 datio
212 911 315 1006 posset
327 920 436 1002 poenis
452 917 563 998 addici,
586 927 768 1004 argumento
787 923 832 980 est
853 919 1000 1004 antiquae
1016 919 1202 1000 traditionis,
1228 967 1232 972 .

97 1020 139 1074 ut
162 1020 234 1070 ante
255 1005 491 1088 depositionem,
515 1025 595 1088 qnae
620 1013 688 1064 erat
709 1002 924 1080 sacerdotum,
946 1003 1023 1064 nihil
1044 1005 1102 1068 sihi
1122 1003 1203 1067 laica

99 1101 242 1178 potestas
259 1091 290 1150 in
304 1091 444 1164 ciericos,
464 1087 649 1170 praesertim
669 1087 830 1170 episcopos
849 1087 1059 1168 permitteret.
1083 1089 1134 1151 cui
1157 1087 1204 1153 rei
1256 1097 1262 1112 ⁶

101 1173 309 1238 vindicandae
337 1171 442 1234 studet
466 1171 664 1232 lliustrissimi
696 1170 921 1254 archiepiscopi
943 1171 1089 1234 Tolosani
1112 1173 1203 1236 Petri
1299 1203 1301 1210 ¹

106 1261 150 1323 de
169 1263 288 1322 Marnas
311 1255 403 1317 labor
426 1264 457 1317 et
482 1277 590 1338 opera.

193 1355 235 1419 74
276 1355 423 1418 adulterii
445 1354 700 1416 consuetudinem
730 1375 802 1416 com
825 1333 888 1415 Zoii
907 1353 1048 1416 habuisse
1066 1355 1203 1418 Leonem
1316 1383 1320 1396 ·

109 1441 376 1506 docetCedrenus
394 1439 487 1500 etiam
512 1441 635 1500 vivente
644 1437 890 1522 Theophanone,
914 1449 1005 1501 ntea
1027 1461 1116 1502 causa
1135 1442 1205 1504 fne-
1242 1470 1248 1485 ¹

111 1528 159 1590 rit
177 1525 341 1608 propinati
363 1523 431 1584 viro
454 1522 533 1583 illius
556 1523 677 1584 veneni.

191 1631 230 1694 75
273 1625 308 1692 τὰ
333 1626 584 1709 βασιλεοοοίτωρ]
600 1630 707 1690 titulus
723 1631 857 1692 aLeone
876 1628 1031 1708 inventus,
1048 1627 1130 1692 idem
1141 1631 1206 1695 sere

105 1715 164 1800 qni
179 1713 399 1792 οομπὲνθερος
420 1735 474 1774 seu
494 1714 587 1775 etiam
610 1708 627 1772 ὅ
650 1711 960 1792 παραδοναστὲοωνι
983 1714 1034 1776 cni
1057 1721 1207 1798 tanquam

103 1801 191 1886 patri
214 1799 388 1882 imperator
411 1797 566 1876 deferret,
592 1797 677 1861 cuius
701 1798 830 1859 maxime
856 1795 990 1862 consiliis
1013 1819 1080 1862 rem
1100 1798 1207 1883 pubii-

107 1905 180 1946 cam
200 1889 335 1966 regeret.

190 1979 232 2044 76
277 1981 397 2052 Karoia
422 1979 622 2054 διοικοῦντες]
657 1979 795 2041 indebitis
815 1981 1012 2062 necngattbm
1030 1996 1207 2064 gravantes.

105 2067 148 2130 de
167 2065 323 2150 Symeone
346 2065 437 2148 plura
460 2075 572 2124 auctor
594 2066 677 2126 vitae
699 2065 802 2124 Lucae
823 2062 955 2128 iunioris
978 2074 1054 2129 tom.
1077 2067 1096 2128 2
1116 2072 1207 2132 Auct.

106 2152 289 2231 decerptae,
312 2170 348 2210 ac
369 2147 556 2230 propediem
578 2147 699 2229 plenius
722 2147 883 2211 Boiilando
906 2169 1010 2212 mense
1029 2150 1207 2214 Februario

105 2231 343 2318 producendae.
963 2235 968 2245 '

196 2331 236 2396 77
279 2333 505 2416 depositorem,
528 2332 626 2394 vetito
649 2331 734 2392 forte
746 2332 851 2392 Leone
873 2352 945 2393 cum
967 2353 1002 2394 ea
1023 2330 1210 2394 contrahere

107 2418 153 2480 ob
177 2417 367 2498 praecedens
390 2417 596 2488 adulterium
618 2416 702 2475 forte
725 2414 816 2476 etiam
830 2415 892 2478 viri
905 2417 981 2476 Zoiis
994 2415 1209 2494 homicidium,

107 2522 192 2586 quae
214 2509 354 2562 monstra
378 2501 470 2561 etiam
492 2499 619 2564 ecclesia
638 2500 748 2560 Latina
775 2508 863 2562 arcet
884 2523 901 2560 a
922 2499 1047 2582 nuptiis.

193 2598 235 2662 78
277 2599 321 2682 τῷ
348 2600 480 2677 βασιλεῖ’
499 2599 616 2660 Λέοντι
652 2589 668 2656 ὅ
706 2591 887 2678 Μουσικός]
909 2599 952 2661 sic
972 2599 1052 2662 bene
1074 2598 1211 2682 Anony-

105 2705 200 2746 musa
221 2685 363 2746 accusati
382 2695 449 2744 suist
469 2683 553 2766 apud
574 2682 707 2742 Leonem
730 2683 950 2765 imperatorem
974 2683 1111 2744 Musteus

193 2789 235 2852 79
276 2789 333 2852 rosi
354 2787 631 2870 circumornetur]
663 2789 707 2848 cni
726 2789 904 2852 descensum
929 2791 1145 2875 sphaeristerii
1167 2788 1209 2851 si-

108 2873 239 2959 qnidem
268 2868 304 2933 τὸ
328 2871 524 2949 tirannicam
551 2874 668 2933 Acmcti
697 2882 743 2934 est
763 2873 828 2954 piia
848 2872 968 2936 ludere.
1003 2873 1047 2934 sic
1069 2895 1144 2934 vero
1173 2893 1208 2934 er

110 2960 200 3041 equis
222 2957 389 3030 indebant;
413 2956 555 3039 adeoque
576 2957 673 3017 fuerit
694 2957 771 3017 hacc
793 2979 922 3041 quoqne
945 2958 1028 3019 Circi
1050 2978 1132 3039 pars,
1155 2977 1210 3019 seu

113 3042 193 3127 quid
218 3041 262 3102 itti
284 3041 496 3102 coniunctum.
1108 3063 1111 3072 ·

194 3139 235 3204 80
278 3141 408 3202 emenda
438 3139 651 3220 κρατηθέοταε
682 3155 808 3223 captum
840 3139 1000 3203 Nicolaum
1021 3139 1210 3202 Hetaerice·-

105 3227 198 3288 cnam
221 3226 254 3286 in
275 3228 412 3303 emmim,
435 3245 505 3286 cum
524 3223 641 3285 Ioanne
662 3225 734 3286 urbe
756 3225 969 3286 amandavit.

197 3322 237 3385 81
282 3318 437 3402 μυστικὸς
457 3312 515 3404 cir]
541 3323 651 3385 dehac
673 3346 748 3386 voce
768 3323 861 3386 docte
883 3325 919 3386 P.
942 3325 1029 3384 Goar
1052 3321 1091 3383 ad
1112 3323 1212 3386 Codi-

111 3431 193 3472 num
213 3430 286 3491 pag.
309 3405 384 3486 599,
409 3407 464 3469 nbi
486 3409 579 3469 etiam
595 3407 731 3470 militare
751 3407 943 3469 vocabulum
966 3406 1112 3470 ostendit.

195 3507 238 3570 82
280 3505 491 3586 ἀνακομίσας]
516 3506 602 3570 addit
617 3507 775 3570 Cedrenns
797 3508 830 3582 ἐξ
846 3504 996 3588 Ἐῳέοοοι
1021 3507 1075 3568 ubi
1098 3527 1211 3588 nempe

107 3591 251 3656 creditus
271 3591 301 3654 S.
324 3592 655 3674 MariaoMagdaIenae
677 3593 826 3668 tumulus,
849 3595 893 3654 uti
907 3591 1016 3654 Lazari
1038 3592 1068 3652 in
1089 3589 1208 3674 Cypro.

196 3691 239 3754 83
280 3691 336 3770 τῆς
358 3693 658 3773 μεσοποοτηκοστῆς]
680 3704 725 3754 est
750 3693 799 3753 hic
813 3691 876 3754 dies
890 3691 1005 3752 Christi
1020 3689 1209 3772 disputatio.

109 3776 161 3839 nia
182 3778 333 3837 memoria
355 3785 549 3858 assertaeque
569 3775 613 3836 itti
634 3775 814 3852 diiinitatis,
838 3776 965 3838 Graecis
986 3774 1117 3836 celebris
1141 3795 1209 3836 me-

82 3885 86 3892 ·
108 3861 169 3923 dio
185 3864 333 3941 tempore
355 3859 466 3942 pascha
488 3861 570 3920 inter
591 3868 622 3920 et
650 3869 873 3940 pentecostem,
895 3861 926 3920 in
950 3881 1042 3944 quem
1064 3856 1210 3920 laudato.

108 3944 178 4006 rios
200 3949 359 4009 sermones
380 3945 470 4004 Auct.
493 3944 599 4004 tonui
623 3945 770 4026 produxi.
813 3946 856 4004 sic
878 3952 988 4026 aperte
1009 3943 1212 4004 continuator

107 4028 290 4110 Leonisque
312 4027 419 4103 codex,
444 4027 595 4111 quicquid
629 4049 665 4088 ex
686 4049 723 4090 eo
745 4027 824 4088 male
847 4029 1033 4109 exscriptum
1054 4026 1102 4086 sit.
1146 4027 1210 4108 qud

108 4113 199 4172 forte
226 4111 322 4174 modo
355 4120 496 4174 erratum
525 4111 722 4194 ignoratione
749 4110 833 4172 vocis
854 4121 887 4173 et
916 4111 947 4170 in
972 4109 1134 4186 Cedreno,
1156 4107 1211 4170 ubi

111 4195 461 4276 editum'nennnccsn‘c
482 4195 575 4280 plura
598 4195 681 4258 enim
704 4193 865 4258 nescivisse
891 4193 993 4277 legere
1016 4215 1052 4257 ex
1072 4213 1130 4256 suo
1152 4213 1211 4254 co-
