2892 4904
227 347 281 409 on
298 343 605 410 Tuussmomcn
624 345 652 407 ιι
670 345 829 408 munus
849 344 993 408 ctum.
1082 331 1155 407 lut

64 503 231 581 κεφαλαῖς,
265 497 312 558 ἐπ’
336 491 408 579 ἴσης
435 497 603 574 μισοῦντες
630 493 700 572 τούς
730 517 764 560 τε
792 492 998 578 α’κειρτκὸμας
1028 491 1103 570 τούς
1124 516 1158 557 τε

64 594 312 681 βαθυπώγωνας.
354 592 409 657 καί
428 594 487 658 οὐκ
505 585 545 678 ἦν
566 595 645 658 ἰδεῖν
666 587 769 677 ἄνδρα
785 591 848 660 τίνι
869 588 1159 678 caianitarum

65 700 120 778 τῆς
143 692 273 759 οἱασοῦν
303 691 347 776 μή
371 698 504 774 κουρίαν
525 693 603 758 κατὰ
626 691 749 773 κύκλον,
773 691 866 757 ὁποία
886 715 934 766 τις
956 685 1046 774 οἶμαι
1064 694 1120 754 καί
1138 691 1159 774 ἡ

66 796 335 877 καροιμναζομίνη
353 791 527 874 Ἑκτόρειος
548 790 663 876 κουρά,
691 791 747 857 εἴτ’
766 786 823 858 οὖν
846 789 864 876 ἢ
887 791 965 856 κατὰ
993 793 1101 875 Θησέα
1121 788 1161 855 τοὶ

43 893 225 978 ςπρόαθια·
267 891 311 968 αἱς
341 891 412 956 τότε
439 893 602 958 ἀντίθετον
631 897 765 974 βαθεῖαι
786 885 870 974 ἦσαν
889 889 923 956 ui
943 889 1042 956 πάλαι
1064 886 1163 970 κόμαι

67 992 145 1058 κατὰ
181 991 255 1066 τούς
274 985 458 1074 Ἄβαντας,
482 993 536 1056 καί
556 991 593 1056 οὗ
622 989 701 1056 κατὰ
729 991 803 1066 τους
835 994 995 1064 Λατίνους
1015 988 1161 1068 τούτους,

65 1093 204 1157 criniculis
238 1091 395 1176 τροχαλαί
423 1090 477 1156 καί
502 1089 545 1166 ὥς
574 1094 673 1158 εἰπεῖν
708 1091 890 1173 α’κρόκομοι.
933 1091 989 1153 καί
1007 1085 1163 1174 ὖιτοίργει

66 1190 145 1275 πρὸς
169 1195 271 1254 ταῦτα
299 1200 364 1264 τοῖς
396 1194 459 1255 τῶν
490 1194 611 1276 τριχῶν
638 1189 843 1276 ίανστρόφοις
864 1191 1018 1264 Λατίνοις
1039 1189 1083 1274 πῇ
1103 1189 1163 1268 μὲν

67 1290 163 1376 ξυρός
188 1293 231 1378 κῇ
259 1294 295 1357 tt
326 1290 492 1375 μάχαιρα,
514 1299 579 1366 τοῖς
600 1293 635 1355 δὲ
663 1295 867 1374 θερμοτέροις
887 1292 942 1354 καί
964 1294 1064 1374 ξίφος.
1107 1289 1164 1350 καί

35 1393 181 1469 ςραιίτίκα
205 1391 261 1455 καί
286 1390 302 1455 ὁ
326 1385 438 1472 τοίχων
467 1389 669 1475 ἠλαφριίνετο
690 1393 733 1478 τῷ
755 1387 837 1454 οὕτω
859 1394 1034 1476 κειραμὲνιμ
1056 1387 1160 1472 ἀνδρί,

67 1492 121 1557 καί
139 1486 180 1575 ἦν
209 1489 308 1576 πάντῃ
338 1488 472 1555 σπάνιον
501 1493 579 1554 iricio
603 1485 705 1572 ἄνδρα
721 1487 878 1570 Ῥωμαῖον
900 1483 1009 1573 ἄρτιον
1032 1485 1090 1570 τὴν
1111 1507 1161 1548 κε-

68 1591 181 1678 φαλήν.
223 1585 312 1672 εἶχον
332 1592 392 1675 γὰρ
422 1593 580 1654 circinatis
600 1593 644 1675 τῷ
662 1590 757 1672 *θρίξ
777 1595 811 1654 ἐκ
831 1593 885 1673 τῆς
907 1594 1047 1676 κεφαλῆς
1072 1586 1162 1675 ἡμῶν

68 1694 105 1756 ου’
124 1691 169 1775 μὴ
201 1689 408 1760 statutum?
448 1689 549 1774 ἦμαρ
568 1687 666 1774 πολλὴ
696 1689 856 1774 ἁμαρτία,
878 1694 919 1754 δι’
943 1686 981 1773 ἢν
1003 1689 1058 1756 καί
1077 1693 1165 1776 ιιρωῖι

67 1791 377 1873 κειτοινηλατήμεθα,
399 1788 479 1854 κατοὶ
510 1787 565 1854 τὸν
595 1789 784 1873 αιίχήσαντα
819 1786 858 1852 τά
880 1793 926 1863 είς
960 1787 1015 1864 τοὶς
1038 1792 1161 1872 πρωίας

33 1913 59 1964 15
69 1891 245 1956 αἰιοκτὲνοιν
266 1887 342 1964 τους
361 1887 571 1972 ἁμαρτωλούς
589 1891 643 1974 τῆς
662 1892 719 1972 γῆς
733 1893 787 1953 καί
808 1891 1027 1974 ε’ξολοθρεύειν
1047 1894 1081 1956 ἐκ
1103 1888 1161 1954 πό.

67 1997 141 2067 λεως
162 1992 277 2072 κυρίου
297 1986 371 2063 τούς
393 1991 622 2072 ἐργαζομένους
644 1987 678 2054 τίν
701 1983 818 2069 ἄνομον
839 1993 937 2072 μέχρι
961 1992 1017 2054 καί
1036 1991 1081 2065 τίς
1100 1993 1161 2054 ου’-

66 2089 119 2164 τοὶς
139 2089 276 2173 τρίχας,
297 2086 331 2154 τὸ
352 2087 446 2152 κακὸν
475 2089 552 2171 ἡμῖν
582 2087 802 2174 ἐκορύφωσεν,
824 2093 877 2154 ἵνα
900 2089 946 2163 είς
967 2085 1001 2155 τί
1024 2093 1091 2154 πᾶν
1108 2086 1160 2174 ρἰ-

66 2193 166 2271 yones
188 2190 380 2270 ἐψιλωμένα
400 2193 456 2252 καί
472 2186 531 2262 τοὶς
553 2189 705 2274 κεφαλάς.
746 2182 804 2252 κᾶν
825 2186 928 2253 εἵπου
953 2190 1160 2274 διεκιιέφευμί

67 2313 123 2352 τινι
151 2286 266 2370 ιτιίχων
293 2286 346 2351 καί
376 2280 415 2372 ἦν
450 2287 636 2368 καθιέμενος
665 2290 821 2368 κοσμίως,
854 2283 897 2363 οὖς
925 2283 992 2371 εἶχε
1021 2285 1158 2374 φύσεως,-

33 2388 231 2469 ςοὰκτόμενοι
261 2383 373 2452 τούτου
395 2385 424 2451 οἱ
455 2389 576 2474 φαῦλοι
598 2396 726 2471 κουρεῖς
749 2391 792 2476 τῇ
808 2383 903 2476 ἒτίρρι
920 2389 1015 2473 χειρί,
1036 2389 1158 2476 θατίρρι

71 2489 102 2550 δὲ
128 2488 194 2552 ταῖν
226 2487 306 2550 κατὰ
337 2485 480 2573 κεφαλὴν
511 2489 643 2570 τριχῶν,
669 2491 771 2552 ταῦτα
800 2491 860 2568 μὲν
882 2482 964 2552 εἶναι
986 2485 1066 2550 καλαὶ
1090 2483 1158 2550 ε’Ἃε-

69 2611 136 2668 χον,
166 2588 271 2652 ἐκεῖνα
293 2589 328 2652 δὲ
349 2585 453 2669 κακοί,
482 2585 521 2652 τὰ
549 2591 608 2651 τοῦ
627 2586 793 2672 τιιίχωνος,
823 2585 1040 2669 α’στεϊζόμενοι
1059 2588 1095 2651 ’ἐν
1118 2588 1159 2650 osi

70 2695 217 2762 καικτοΐς.

71 2929 252 3000 cuiuscunque
270 2928 363 2998 capiti,
380 2927 439 2998 pari
461 2929 526 2980 odio
544 2927 676 2980 habentes
688 2927 846 2998 promissum
860 2935 916 2979 tum
937 2928 1082 2978 caesariem
1101 2933 1157 2978 turn

71 2998 185 3050 barbam.
223 3000 383 3051 reccidere
404 3007 512 3068 poteras
535 2999 661 3051 fortunae
679 3000 865 3068 cuiuscunque
878 2999 1016 3050 hominem
1037 2999 1158 3068 quamvis

71 3087 179 3137 puerum
199 3087 255 3122 non
274 3071 444 3121 circumcirca
464 3079 586 3132 tonsum,
606 3070 694 3140 qualis
713 3078 763 3133 est,
784 3071 890 3140 opinor,
909 3085 978 3138 quac
998 3071 1027 3120 in
1046 3085 1159 3138 prover-

70 3141 138 3192 bium
158 3141 228 3193 abiit
248 3143 381 3193 Hectoreo
403 3149 531 3203 tonsura,
556 3143 612 3192 slve
631 3158 648 3192 n
667 3140 774 3194 Tbctco
801 3141 988 3209 cognominata
1007 3141 1157 3208 sincipitis:

72 3221 99 3262 ut
116 3223 169 3264 turn
189 3215 333 3282 oppositae
361 3221 452 3264 essent
478 3213 564 3282 prisca
586 3212 719 3264 Abantum
745 3229 821 3264 como
848 3211 996 3282 promisca,
1017 3210 1157 3261 ethorum

73 3283 223 3336 Latinorum
243 3284 411 3334 circumcirca
428 3291 507 3335 tonsu
525 3299 574 3334 nco
592 3283 644 3334 uisi
661 3285 690 3334 in
711 3300 813 3335 summo
833 3284 938 3350 capite,
957 3290 988 3333 ut
1006 3281 1043 3333 ita
1061 3280 1159 3342 dicam,

73 3355 168 3406 relicta.
211 3355 344 3406 serviebat
367 3355 402 3405 ad
431 3369 489 3406 enm
515 3361 653 3406 tonsuram
681 3355 786 3406 Latinis
809 3354 969 3423 capillorum
989 3350 1158 3403 curatoribus

72 3424 147 3476 modo
165 3425 317 3488 novacula,
336 3425 418 3478 modo
445 3419 576 3489 acinace's,
596 3425 803 3479 violentioribus
823 3426 903 3476 ctiam
924 3422 1038 3492 gladius.
1076 3431 1158 3492 atquc

72 3495 141 3547 illico
161 3497 243 3548 etiarn
271 3495 356 3547 barba
382 3497 522 3549 levabatur
552 3499 608 3548 viro
633 3497 671 3547 ita
692 3505 788 3557 tonso,
817 3504 947 3566 erantque
973 3493 1083 3545 omnino
1106 3495 1159 3544 rari

73 3565 188 3629 Romani,
207 3583 321 3638 quorum
339 3577 420 3636 caput
438 3568 573 3636 integrum
593 3575 673 3618 esset.
692 3567 864 3618 habebantur
884 3568 954 3617 cuim
973 3571 1158 3636 succumque

72 3635 137 3687 illud
156 3647 197 3690 est
215 3637 306 3688 “baud
334 3640 406 3709 perit
434 3639 603 3708 ecapitibus
633 3638 732 3689 nostris
752 3637 893 3706 capillus-''
929 3651 1045 3708 namque
1065 3637 1159 3686 crebra

73 3718 184 3772 peccata,
205 3725 319 3779 quorum
338 3719 441 3760 matura
460 3725 561 3778 poenus
579 3709 711 3770 dedimus,
737 3717 767 3760 ut
784 3710 901 3760 minatus
920 3709 969 3758 illc
988 3713 1037 3768 cst,
1056 3715 1159 3772 maturo

73 3793 98 3826 se
115 3781 262 3833 occisurum
274 3781 346 3832 lilios
359 3789 446 3833 terrac
464 3780 610 3850 improbos,
629 3789 657 3831 et
672 3779 825 3831 deleturum
844 3795 878 3830 ex
896 3779 963 3830 urbe
983 3777 1092 3841 domini,
1112 3779 1159 3850 qui

73 3847 166 3902 iniuste
184 3861 273 3918 agant,
294 3852 329 3902 ad
344 3852 459 3922 capillos
485 3867 579 3921 usquc,
600 3853 734 3902 miseriam
760 3858 877 3902 nostram
896 3849 1108 3912 cumulaverunt,
1130 3857 1161 3899 ut

73 3934 176 3984 prorsus
195 3925 348 3990 rigeremus,
366 3924 431 3992 ipsis
449 3924 529 3973 etiam
548 3923 678 3990 capitibus
697 3921 814 3972 nudatis.
859 3937 890 3971 ac
910 3921 931 3970 si
952 3922 993 3971 cui
1014 3919 1098 3970 barba
1115 3921 1159 3970 in-

74 3991 182 4042 columis
202 3997 339 4055 evasisset,
358 4003 386 4044 ct
404 3994 542 4060 eleganter
560 3993 674 4044 demissa
695 3991 837 4062 penderet,
857 3992 963 4061 qualem
982 4000 1077 4042 natura
1096 4008 1160 4060 pro·

74 4061 195 4124 miserat,
223 4081 282 4116 eum
302 4066 408 4116 scelesti
428 4065 469 4114 illi
490 4074 613 4115 tonsores
636 4065 722 4115 altera
741 4079 821 4114 munu
840 4062 933 4124 barba,
951 4062 1035 4113 altera
1055 4061 1160 4130 capillis

76 4130 239 4197 prehensum,
255 4135 412 4197 vellebant,
432 4145 460 4186 et
487 4135 571 4186 “hauc
592 4136 701 4203 quidem
722 4135 815 4204 pulcra
829 4141 902 4195 sunt,
923 4132 1092 4204 inquiebant,
1111 4131 1160 4184 illa

76 4198 164 4264 (barba
185 4207 297 4277 scilicet)
313 4225 371 4260 non
390 4207 478 4268 runt‚''
498 4207 618 4258 iocantes
639 4207 669 4257 in
689 4221 716 4257 rc
733 4205 844 4257 minima
864 4205 962 4254 iocosa.
