2814 4898
392 373 759 447 cunonocutrutt.
861 379 863 387 '
1042 383 1114 454 273

44 523 281 590 :attuleram
309 523 343 590 όν
362 527 568 615 Μακεδονίρ·
617 533 672 595 καί
690 529 746 595 τόν
763 535 823 613 μὲν
842 533 1014 600 Βασίλειον
1033 533 1116 603 ούτω

43 629 87 708 τής
103 623 219 698 πόλεως
242 620 397 708 ἐξήγαγεν,
421 624 495 700 τούς
516 630 552 692 tt
571 629 701 705 λοιπούς
720 629 794 706 τούς
808 637 866 718 τής
879 635 981 702 ositeri
999 639 1118 721 βουλῆς

42 721 266 806 μετεσχηκότας,
287 722 423 807 Πάρόον
448 727 507 806 μὲν
527 728 736 812 όροοχγάριον
755 733 813 816 τῆς
834 731 945 816 βίχλας
965 735 1116 800 α’ποστίλ-

44 829 82 885 λει
99 821 175 906 πρός
196 820 253 886 τόν
275 825 468 908 Στοπιοότην,
498 827 595 910 δήθεν
616 826 745 910 ἀγαγεῖν
766 829 875 918 αότόν,
893 834 1144 919 προμηνοθέη-σ.

26 929 86 995 troc
103 923 221 985 ἐκείνου
243 918 297 985 διὰ
325 925 494 1003 βασιλικοῦ
519 931 681 990 πιττακιόιι
711 926 809 993 αότόν
829 931 996 1014 όεσμήσαι.
1038 957 1115 1016 προ.

44 1017 243 1102 ρασισόμενος
269 1022 304 1084 δὲ
332 1017 348 1082 ό
378 1021 531 1104 βασιλεύς
562 1024 712 1090 άπελθεῖν
732 1027 787 1091 καί
806 1031 972 1114 δειπνήσαι
993 1036 1039 1110 εἰς
1058 1031 1114 1097 τόν

43 1114 116 1197 άχιον
135 1115 290 1202 Λάζαρον
314 1122 360 1194 είς
389 1120 423 1184 τό
447 1122 640 1205 καταβάσιον
661 1129 720 1188 τού
739 1129 1000 1213 τζοκανιστηρίοο
1022 1132 1113 1217 ἔστη.
1124 1157 1158 1212 79

10 1217 12 1232 “
42 1239 84 1279 σιν
98 1210 245 1302 Ἰωάννην
273 1222 305 1285 Γ
304 1223 420 1302 αριόάν
447 1221 527 1303 μετά
550 1227 611 1287 τῶν
635 1229 752 1291 λοιπῶν
781 1221 836 1310 τῆς
857 1225 1000 1312 ἑταιρίας
1020 1237 1052 1296 ἑν
1073 1235 1117 1320 τῷ

42 1319 253 1405 κοοβοοκλείιρ·
310 1318 366 1384 καί
391 1323 424 1384 όν
457 1325 502 1409 τρῖ
536 1327 747 1406 κατέρχεσθαι
766 1324 822 1391 τόν
843 1331 978 1408 βασιλέα
999 1331 1114 1415 κρατή·
1123 1346 1158 1399 80

13 1417 218 1502 ίθοονταιμετά
237 1411 384 1485 Ἰωάννου
401 1422 559 1486 Νικόλαον
579 1416 790 1509 ἓταιριάρχην
810 1424 957 1510 ἐξήγαγεν
978 1431 1034 1513 τής
1054 1427 1115 1493 πό-

41 1521 112 1590 λεως.
152 1515 282 1600 άχαγιόν
311 1520 347 1582 δὲ
380 1515 415 1584 ἐκ
443 1520 647 1597 Μακεδονίας
672 1527 843 1590 Recitator
871 1526 927 1592 καί
945 1527 1116 1612 ἀνακρίνας

25 1618 84 1678 ’καί
100 1616 213 1700 τύψας,
232 1619 290 1682 καί
307 1617 365 1694 τάς
385 1625 500 1703 τρίχας
522 1613 622 1685 αύτοῦ
642 1620 853 1707 κατακαύσας,
872 1627 929 1690 καί
940 1628 981 1691 ’ἐν
1000 1631 1039 1714 τῇ
1059 1632 1116 1710 με’.

41 1738 71 1800 οη
87 1713 314 1799 θριαμβεύσας,
336 1719 484 1802 ἐξόρισεν
504 1721 539 1784 όν
567 1717 728 1804 Ἀθήναις,
749 1721 805 1786 καί
821 1726 925 1800 κακαῖς
945 1726 1045 1790 ε’κεῖσε
1065 1749 1115 1790 τε-

40 1816 214 1900 τελεύτηκεν.
270 1813 422 1894 οόσαύτως
445 1815 601 1886 Νικόλαον
628 1817 835 1906 ἓταιριάρχην
865 1822 922 1890 καί
940 1821 1115 1890 Στολιανόν

13 1917 84 1976 itaci
102 1916 243 2000 Ἰωάννην
263 1920 319 1981 καί
335 1916 395 2001 τήν
414 1922 595 2000 συγγένειαν
616 1923 720 1986 πᾶσαν
750 1917 922 2009 Ζαούτζα,
952 1921 1026 1998 τούς
1055 1929 1145 2006 piel)

40 2013 188 2098 α’πέκειρεν
210 2013 288 2092 τούς
321 2019 357 2082 δὲ
386 2018 553 2102 ἐξώρισεν,
584 2018 746 2102 δημεύσας
773 2017 833 2096 τάς
861 2022 974 2096 οόσίας
995 2024 1113 2088 oiseis.

40 2109 141 2188 πάντας
160 2117 199 2179 δὲ
227 2117 419 2200 μαχίστροας
447 2121 504 2183 καί
521 2115 598 2194 τούς
626 2121 661 2183 όν
680 2121 764 2182 τέλει
783 2122 1075 2204 προσκαλεσάμενος
1096 2123 1116 2186 ὅ

39 2214 170 2291 βασιλεύς
190 2215 311 2299 οἷνέχνω
332 2212 522 2286 κατενώπιον
543 2219 651 2282 αότοόν
678 2215 717 2283 τά
736 2221 919 2301 μηνυθέντα
938 2220 1024 2304 παρά
1047 2225 1116 2285 Σα-

40 2315 123 2389 μονό.
164 2313 197 2378 οἱ
218 2316 255 2379 δὲ
275 2315 386 2380 τούτον
401 2311 633 2402 ύπερεπήνεσαν
650 2311 760 2401 τόςτής
779 2318 862 2402 ζωῆς
882 2321 939 2382 τού
957 2323 1115 2400 βασιλέως
1181 2370 1186 2379 .

11 2409 272 2494 ίθπρονοούμενον,
299 2415 354 2478 καί
375 2410 539 2497 εἰρήκασιν
567 2406 654 2492 άξιον
674 2408 756 2480 εἶναι
782 2419 875 2498 τιμής
894 2419 1055 2501 μεγίστης.
1096 2417 1115 2484 ό

41 2511 68 2574 ii
85 2511 230 2594 παρευθό
250 2515 364 2578 τούτον
385 2518 674 2597 πρωτοσιιαθαρίοιι
696 2515 768 2602 α’ξίρ
789 2516 957 2600 τετίμηκεν.

103 2611 318 2697 Ἐτελεύτησεν
341 2615 376 2676 δὲ
397 2617 560 2699 Στέφανος
590 2607 606 2677 ό
629 2609 828 2698 πατριάρχης
850 2618 902 2678 καί
921 2618 987 2680 α’ντ’
1012 2615 1114 2680 αύτοῦ

40 2707 245 2798 ἐχειροτονήθη
271 2709 430 2788 Νικόλαος
454 2713 471 2776 ό
495 2709 710 2798 πατριάρχης,
732 2710 878 2794 μυστικὸς
905 2707 950 2778 ola
973 2718 1029 2796 ausi
1050 2721 1154 2798 llo-31

41 2977 92 3031 locs
108 2985 211 3035 animae
230 2983 360 3046 levamen,
380 2983 456 3034 velut
474 2983 562 3050 legata
581 2979 703 3043 tradidit,
732 2987 760 3034 et
777 2982 806 3034 in
824 2981 1010 3036 Macedoniam
1030 2985 1112 3044 dimi·
1162 3030 1170 3049 ,
1239 3036 1244 3047 ,

43 3049 76 3102 tit.
108 3062 133 3104 et
149 3053 281 3106 Basilium
301 3053 410 3124 quidem
430 3053 481 3106 hoc
494 3062 574 3122 pacto
589 3053 656 3104 urbe
675 3052 806 3104 detrusit:
826 3055 944 3123 reliquos
964 3073 1027 3106 uero
1046 3073 1112 3108 con-

41 3119 163 3176 iurationis
185 3133 335 3187 consortes,
355 3123 467 3174 Paulum
488 3123 596 3192 quidem
622 3123 793 3173 excubiarum
813 3123 984 3192 drungarium
1004 3125 1037 3176 arl
1055 3127 1111 3178 Sti·
1178 3164 1186 3183 .

42 3192 127 3254 piotem
143 3197 221 3264 quael
238 3193 355 3245 eumad
373 3211 401 3245 ιε
420 3202 575 3246 vocaturum
595 3193 765 3244 amandavit:
785 3195 808 3244 is
826 3201 915 3245 tamen
927 3202 957 3247 ut
973 3213 1033 3246 eum
1048 3198 1110 3248 vin-

41 3262 95 3312 culis
110 3273 247 3317 coerceret
263 3281 312 3334 per
331 3265 515 3334 imperatorias
536 3264 637 3315 litteras
657 3266 730 3332 prius
756 3264 871 3314 monitus
892 3265 988 3317 luerat.
1024 3267 1110 3317 simu-

42 3330 180 3386 lansetiam
198 3337 345 3404 imperator
374 3336 445 3386 ίοιειι
464 3335 596 3405 proficisci
626 3343 654 3385 et
671 3334 705 3384 ad
722 3333 748 3384 S.
770 3334 899 3386 Lazarum
923 3345 1108 3401 coenaturum,

41 3403 68 3450 ul
82 3406 177 3474 equilis
202 3405 363 3462 ,descensum
389 3407 517 3457 loannem
547 3405 672 3456 Garidam
691 3421 750 3454 cum
776 3405 887 3473 reliquis
908 3407 1108 3458 confoederatis

41 3469 139 3526 detinuit
155 3477 186 3528 in
203 3471 348 3542 cubicul03
367 3493 480 3546 cumque
504 3477 650 3545 imperator
668 3475 795 3534 loannem
815 3473 940 3527 detinens
958 3476 1108 3529 descende·
1135 3471 1141 3480 ”

41 3551 78 3603 ret,
94 3546 233 3598 Nicolaum
251 3546 463 3600 hetaeriarchum
487 3546 552 3596 urbe
565 3545 665 3596 eduxit.
701 3545 827 3596 Basiliam
844 3562 926 3613 porro
944 3563 959 3598 σ
978 3547 1108 3598 Macedo-

40 3611 74 3662 nia
91 3626 241 3669 revocatum
259 3626 287 3669 et
306 3617 340 3669 do
358 3619 468 3670 crimine
487 3617 646 3686 inquisitum
659 3613 814 3668 verberibus
833 3616 958 3680 subiecit,
977 3625 1005 3669 ct
1021 3618 1107 3669 crini-

38 3679 77 3733 bus
99 3687 154 3739 eius
181 3689 316 3740 succensis
341 3705 390 3758 per
407 3687 523 3740 mediam
549 3687 643 3738 urbem
668 3686 818 3738 traductum
836 3685 956 3738 Athenas
976 3687 1106 3756 relegavit

39 3753 134 3819 exulem,
152 3757 202 3809 ubi
220 3759 317 3810 misere
334 3759 423 3828 periit.
458 3757 598 3812 Nicolaum
618 3759 718 3827 pariter
736 3755 946 3808 hetaeriarcham
968 3767 995 3810 et
1005 3759 1107 3825 Stylla-

37 3837 87 3874 nun
103 3834 129 3879 et
145 3829 274 3881 loannem
295 3837 323 3880 et
341 3831 454 3880 Zautzae
480 3845 563 3898 genus
581 3845 659 3880 omne
686 3827 736 3880 hos
755 3825 864 3896 quidem
884 3827 1017 3891 detonuit,
1036 3829 1105 3882 alios

37 3895 163 3957 publicatis
181 3917 274 3952 eorum
291 3899 467 3950 facultatibus
491 3901 520 3949 in
544 3898 654 3949 erilium
677 3899 790 3968 expulit.
809 3898 939 3966 magistris
952 3915 1015 3952 vero
1035 3916 1104 3951 cun-

38 3963 124 4033 susque
142 3971 171 4021 in
195 3970 326 4038 dignitate
345 3970 440 4040 positis
464 3968 498 4020 ab
518 3971 678 4038 imperatore
701 3968 847 4032 advocatis,
866 3985 936 4038 quae
955 3987 969 4020 a
988 3969 1106 4022 Samona

37 4035 166 4099 significata
186 4041 302 4104 lucrant,
321 4048 418 4092 cuncta
436 4040 573 4109 perelecta
592 4049 662 4092 sunt.
700 4040 742 4089 illi
760 4039 845 4090 virum
862 4041 937 4092 velut
956 4041 1104 4110 imperato-

39 4103 66 4152 ris
86 4107 152 4161 vitae
170 4110 356 4178 providentem
383 4112 558 4180 maximisque
579 4109 725 4161 honoribus
752 4108 862 4176 dignum
877 4114 1103 4179 pronuntiarunt:

38 4187 106 4240 quare
122 4181 330 4250 protospatharii
352 4181 483 4250 dignitate
501 4182 643 4232 confestim
659 4178 815 4231 honoratur.

92 4248 211 4302 Mortuus
230 4259 272 4304 est
288 4260 379 4304 autem
398 4252 550 4323 Stephanus
568 4250 727 4322 patriarcha,
744 4259 771 4303 et
789 4253 818 4303 in
835 4251 894 4304 eius
914 4251 1003 4304 locum
1021 4249 1102 4302 Nico-

85 4358 133 4414 leo
153 4364 360 4418 Grammaticus.
439 4375 443 4399 ¹
506 4425 509 4432 Ι
880 4360 912 4414 18
