2892 4904
270 330 345 410 499
452 388 457 399 ·
557 391 562 399 .
693 342 946 407 EUSTATlllUS

269 497 378 581 ἕποι’τι,
399 493 505 569 οόόεός
526 491 566 560 όν
587 491 700 580 ἐγγόρν
719 494 824 558 όόόόου
856 491 1137 574 περισωθὴοεσθαι
1160 489 1216 556 τόν
1236 484 1342 573 dstan-

270 617 337 660 πον.
380 593 451 658 ἄλλ’
479 590 528 660 ὅτε
547 593 603 658 κατ’
623 597 689 657 κατ’
721 586 805 656 οἶκον
825 593 953 673 κρυβιίς
973 593 1034 653 ουίι
1054 588 1123 674 όχσι
1145 591 1260 676 σκότον,
1278 587 1343 652 llll

271 694 352 776 πνρό
370 692 607 774 καταλόμιιυιτο
639 685 834 778 όπουργρῖόῆ
854 692 910 754 xci
930 692 1030 775 φωτί,
1057 693 1165 773 ἕτερος
1185 693 1274 754 τοῦτο
1292 693 1343 752 xri·

271 794 375 870 όυνος,
397 791 581 873 περιιόντων
601 796 664 857 τιόν
685 792 877 875 Σαραπηνοόν
907 794 961 854 κατ’
977 787 1012 855 εἴ
1026 813 1107 865 τινος
1126 792 1163 856 δὲ
1185 783 1272 853 ἄλλοι
1291 789 1343 850 κοτ’

271 889 388 966 αότοός
419 893 589 972 κακοῦργοι
611 893 737 974 (πολλοὶ
755 892 790 956 dl
810 886 840 953 οἱ
859 891 1034 972 catolicos),
1058 892 1115 954 καό
1134 883 1362 971 α’νακρινόντυιῑι

271 989 308 1056 σι’
321 993 420 1054 ποιαῑν
444 986 461 1053 ό
484 987 708 1073 οἰκοδεσπότης
729 992 774 1066 εἰς
794 984 895 1052 όιτνον
915 985 956 1052 ου’
975 991 1207 1065 κατακέκλιται,
1230 989 1282 1052 καί
1298 1008 1345 1048 κα.

269 1085 453 1154 κατελόντων
481 1087 540 1166 τός
567 1084 690 1174 θόρας,
718 1091 774 1153 κατ’
796 1088 1014 1171 εἰσορόωνται
1033 1085 1120 1168 ἔσω,
1141 1089 1198 1150 καί
1218 1087 1347 1168 όριόνιιιι

271 1184 332 1254 ὅσα
361 1182 402 1253 όν
432 1187 487 1254 καί
506 1183 569 1254 εἶεν
603 1190 807 1270 βουλομένοις
832 1187 951 1262 αότοῖς.
1006 1184 1122 1269 ἔχομεν
1142 1190 1172 1250 d'
1193 1189 1290 1251 εἰπεῖν
1304 1187 1347 1250 κατ’

268 1281 314 1364 οἷς
334 1287 395 1369 οόχ
411 1278 498 1352 οὗτοι
522 1287 612 1367 μόνοι
635 1289 803 1351 ἐκακοῦντο
840 1282 892 1350 deni
917 1282 1080 1372 πρόφασιν
1101 1284 1136 1350 τό
1162 1289 1228 1369 ιιῦρ
1250 1288 1302 1349 κατ’
1317 1281 1345 1348 τό

267 1389 348 1472 φῶς,
367 1385 446 1452 ἄλλό
468 1388 523 1452 κατ’
547 1383 576 1451 οἱ
597 1383 827 1470 α’νεμαόρευτοι
854 1387 909 1451 κατ’
930 1381 1116 1468 α’φοότισιοι.
1159 1378 1376 1466 όνεξὲλιρκτοιο

265 1483 327 1569 γόρ
350 1487 596 1571 οἰιιισφροόντες
622 1482 652 1550 οἱ
670 1486 777 1565 κακοί,
796 1484 852 1548 καὶ
881 1482 936 1570 τόν
958 1486 1056 1550 νόκτα
1081 1485 1160 1550 rinei
1176 1487 1235 1549 κατ’
1254 1485 1347 1550 Ailou

204 1606 258 1660 302
267 1587 380 1667 κυνέην
403 1587 449 1658 εἰς
481 1586 653 1669 ἑπόκρυψιν
675 1586 973 1671 α’μφιβεβλημόνοι,
1005 1583 1159 1668 γυναῖκάς
1184 1607 1220 1648 τι
1242 1584 1348 1665 ἀπῆγον

264 1686 325 1750 ταῖν
345 1681 526 1763 συντόνων,
549 1676 697 1769 α’φιέντος
726 1683 782 1750 τόν
800 1687 858 1748 rori
877 1679 979 1767 γόμου
1010 1682 1103 1767 ζυγόν
1122 1679 1301 1767 ἑτιροκλινῆ
1317 1683 1348 1766 τῇ

263 1778 390 1869 όρπαγῂ
405 1785 461 1866 τῆς
475 1782 651 1864 δυνάμεως,
673 1779 712 1868 ἢν
726 1783 787 1846 dni
803 1780 880 1871 ἡλίῳ
898 1786 1128 1868 όιευιιρινοόντι
1144 1779 1348 1848 κατασκεπτό-

261 1903 349 1962 ueros
372 1881 479 1958 νυκτός
501 1881 700 1968 ἀφήρπαζον,
722 1886 779 1948 καί
799 1882 947 1958 νεόνιόας
968 1887 1034 1947 ταῖν
1055 1883 1270 1966 γειναμένων,
1290 1883 1377 1949 ότι-ιζ»

263 1987 338 2061 ieie,
370 1979 455 2046 καθά
475 2005 522 2056 τις
541 1979 617 2066 ἔφη,
637 1980 694 2056 τός
713 1987 776 2048 τόν
805 1980 960 2047 τεκόντων
990 1983 1038 2046 ἐπ’
1059 1983 1179 2056 αόταῖς
1192 1980 1295 2065 εόχός
1311 2005 1350 2045 τι.

262 2085 399 2165 etcum.
442 2083 526 2148 εἰδὲ
546 2081 600 2148 xci
619 2079 770 2165 χρήματα
800 2086 982 2166 συναπῆγον
1005 2076 1065 2146 όσα
1087 2083 1141 2146 κατ’
1159 2079 1293 2166 ιιροῖκός
1309 2106 1348 2145 τι.

262 2203 338 2262 νας,
357 2183 393 2246 ότι
421 2186 605 2262 περιουσίας
627 2183 716 2245 couti
738 2179 772 2245 τό
797 2178 902 2246 κακόν.
953 2175 1035 2264 ἦσαν
1055 2184 1091 2245 δὲ
1110 2182 1143 2244 οἳ
1159 2183 1219 2244 xus*
1240 2181 1349 2267 ε’σφότ.

262 2303 351 2346 τοντο
371 2282 426 2346 ἕπτ’
452 2284 513 2346 τῶν
534 2283 640 2346 οἰκιοόν
659 2286 853 2364 τηνικαῦτα,
875 2281 953 2369 ἡλίῳ
976 2276 1160 2365 ἀμάρτυρον
1180 2279 1281 2346 κακόν
1300 2277 1348 2344 τιό-

262 2401 400 2464 υχοντες.
443 2382 498 2446 κατ’
517 2378 553 2444 τό
575 2375 712 2465 αἴτιονῆ
735 2378 916 2463 νυκτιλόχος
935 2383 1035 2462 μανιά
1056 2375 1078 2462 ἢ
1098 2375 1150 2444 ότι
1172 2381 1308 2462 ἐξεβόων
1324 2377 1376 2444 otu

262 2479 539 2562 κακουργούμενα.
591 2474 660 2546 όσοι
689 2482 725 2546 δὲ
752 2483 816 2544 ταῖν
847 2476 1021 2564 βαρβάρων
1051 2482 1280 2572 όπιεικόστρροι
1305 2473 1349 2540 κατ’

262 2577 488 2662 παιγνήμονες,
517 2572 604 2646 νότοι
634 2581 669 2644 δὲ
696 2579 767 2643 ἀλλ’
789 2577 916 2663 ἠγάπων
942 2577 1061 2661 θύραις
1080 2577 1286 2658 ἐναλλόμενοι
1306 2573 1350 2639 καί

250 2675 431 2754 Ικόπτοντες
459 2677 592 2766 ῥόβόοις
614 2677 735 2762 αότοὶς,
765 2678 820 2746 κατ’
844 2673 864 2764 ἢ
886 2675 1068 2765 ῥιπτοῦντος
1090 2679 1147 2742 καί
1164 2678 1213 2752 εἰς
1240 2678 1348 2764 φόρτον

266 2938 319 2993 cta,
339 2931 476 3001 quoniam,
496 2933 549 2984 nisi
566 2933 605 2984 ita
622 2932 739 2995 fecisset,
758 2949 837 2984 nemo
854 2931 933 2984 illum
952 2932 1055 2984 salvum
1074 2931 1134 3000 forge
1152 2929 1290 3000 spondere
1306 2945 1349 2998 ρο-

265 3010 344 3055 terat.
381 3019 488 3065 verum,
509 3003 580 3056 iutra
597 3004 715 3073 parietes
732 3003 797 3055 licet
817 3003 999 3067 absconditus,
1017 2985 1070 3056 nisi
1090 3003 1119 3056 in
1137 3002 1266 3053 tenebris
1281 3007 1349 3058 esset,

264 3071 313 3125 sed
332 3074 394 3141 igne
415 3073 450 3126 ob
467 3090 535 3142 opus
553 3073 667 3142 aliquod
691 3073 860 3126 accendisset
881 3077 925 3126 vel
951 3075 1053 3126 lumine
1071 3073 1223 3124 illustraret
1242 3071 1350 3132 όοωυιο,

263 3160 363 3196 novum
372 3161 462 3196 rursus
476 3145 626 3214 periculum
639 3153 705 3207 erat,
728 3143 860 3215 siquidem
875 3147 1000 3196 Saraceni
1021 3154 1049 3196 et
1070 3145 1091 3195 ei
1112 3145 1159 3213 qui
1179 3143 1348 3200 aliiillonim

167 3256 174 3268 .
263 3215 364 3268 similes
386 3214 508 3268 homines
527 3217 634 3268 scelesti
653 3223 730 3268 erant
748 3218 837 3285 (erant
855 3225 946 3268 autem
963 3217 1040 3268 multi
1060 3213 1089 3266 id
1108 3215 1349 3283 genuerucircnm·
1422 3263 1423 3266 ,

263 3285 341 3338 ibant
369 3293 396 3338 et
422 3287 603 3356 quaerebant,
635 3287 701 3358 quid
723 3286 831 3338 aedium
861 3287 986 3339 dominus
1011 3286 1114 3352 negotii
1135 3283 1272 3348 baberet,
1289 3299 1350 3352 quo·
1422 3281 1423 3318 Τ

264 3357 354 3408 miuus
372 3373 466 3410 somno
486 3357 514 3410 se
540 3359 625 3422 daret,
642 3358 713 3410 soree
733 3359 926 3425 effringebant,
948 3357 1142 3427 irrumpebant,
1166 3363 1194 3407 et
1213 3352 1348 3408 iaciebant

265 3443 336 3496 quae
356 3427 421 3496 ipsis
439 3429 568 3497 placeret.
605 3439 686 3497 atque
705 3428 833 3480 ailirmure
862 3429 944 3491 licet,
962 3446 1017 3481 non
1042 3428 1130 3480 solum
1159 3426 1225 3478 illos
1247 3431 1348 3496 propter

266 3499 355 3564 ignem
376 3497 480 3551 scilicet
500 3507 528 3550 et
546 3500 694 3560 candelam,
715 3499 762 3552 sed
782 3500 863 3551 etiam
882 3517 946 3562 eos,
965 3501 1011 3570 qui
1034 3515 1085 3550 nee
1102 3500 1166 3566 igne
1186 3513 1239 3548 nec
1256 3495 1347 3547 lumine

243 3576 416 3632 ·-uterentur,
434 3576 546 3622 venatos
565 3588 631 3622 esse.
668 3572 738 3622 clam
758 3572 830 3622 enim
851 3571 974 3639 ingressi,
993 3578 1021 3622 et
1037 3577 1118 3621 nocte
1131 3578 1264 3638 tanquam
1282 3564 1347 3632 galea
1421 3573 1422 3594 ι

264 3639 388 3692 Plutonia
407 3641 494 3709 operti
514 3649 542 3692 et
559 3643 666 3704 occulti,
684 3649 742 3696 tum
754 3657 850 3694 uxores
869 3659 885 3691 a
897 3639 1187 3700 maritisdivellebant,
1205 3640 1272 3706 iugo
1289 3652 1347 3688 eon-

258 3710 371 3763 'nubiali
389 3712 418 3762 in
436 3710 547 3762 alteram
583 3721 666 3764 artem
684 3713 813 3766 inclinato
832 3711 858 3763 vi
877 3713 996 3781 rupinae,
1014 3727 1068 3780 qua
1084 3710 1256 3774 auferebant,
1277 3721 1347 3776 quam

266 3782 382 3851 quisque
400 3783 429 3833 iu
447 3782 507 3834 luce
529 3731 593 3834 sedis
612 3784 664 3836 sibi
684 3783 819 3851 elegisset,
838 3790 894 3834 tum
912 3784 1057 3849 virgineae
1074 3781 1234 3850 parentibus
1253 3778 1348 3829 abstra-

266 3851 378 3914 hebant,
399 3851 541 3904 ethorum
561 3853 634 3906 irrita
652 3855 795 3911 iaciebant.
815 3861 847 3905 ut
860 3853 922 3923 quis
939 3852 1048 3914 dixerit,
1067 3869 1117 3922 pro
1135 3853 1247 3904 illarum
1269 3849 1346 3900 salute

186 3981 191 3989 ‚
266 3932 391 3990 suscepta
411 3932 482 3975 vota.
519 3924 605 3976 sicubi
623 3925 694 3977 bona
713 3926 794 3976 simul
814 3923 976 3976 auferebant
996 3924 1073 3994 quasi
1090 3940 1141 3992 pro
1160 3921 1235 3983 dote,
1252 3927 1308 3971 erat
1322 3913 1346 3964 id

267 3995 345 4062 quasi
375 3993 511 4063 quoddam
534 3998 678 4048 auctarium
710 3995 878 4048 calamitatis.
917 3995 1027 4046 suerunt
1045 3994 1137 4056 etiarn,
1159 3993 1206 4063 qui
1229 3992 1260 4042 in
1279 3986 1347 4040 aedi·

267 4063 319 4114 bus
338 4066 393 4118 auis
413 4073 477 4116 tunc
497 4065 700 4129 occiderentur,
718 4065 821 4117 cladem
842 4066 912 4136 paesi
932 4082 947 4116 a
964 4066 1022 4118 sole
1041 4063 1116 4115 baud
1134 4065 1289 4114 lustratam:
1307 4075 1347 4107 cu·

269 4135 312 4186 ius
346 4137 496 4190 atrocitatis
524 4153 603 4188 causa
635 4146 693 4188 erat
726 4145 858 4190 nocturna
884 4135 988 4198 libido,
1025 4144 1074 4186 aut
1104 4133 1180 4204 quod
1209 4133 1348 4184 exclamas·

269 4213 330 4260 seut
344 4207 445 4270 tuieeri.
483 4209 529 4277 qui
550 4223 613 4260 vero
634 4225 649 4261 e
670 4207 790 4262 barbaris
808 4205 986 4261 modestiores
1013 4213 1092 4258 erant
1108 4214 1137 4258 et
1156 4206 1252 4268 iocosi,
1268 4201 1287 4254 ii
1306 4215 1348 4270 pe·
