2838 4902
299 335 375 416 436
711 335 963 406 sumsimus

297 521 359 574 σας
378 493 431 562 τὸν
452 495 511 558 τοῦ
531 489 668 571 Μαζιδά
686 489 774 573 λόγον
795 491 945 577 ἀπήγαγε,
970 491 1027 556 καί
1043 487 1127 580 λήθη
1147 491 1327 576 καταγείους
1338 493 1363 560 ri
1408 519 1409 582 ρ

296 599 357 663 τοῦ
376 595 483 661 Δαυῒδ
513 594 654 678 φρονοῦν
683 589 823 674 ἀνέφυσε
850 589 992 674 βλάστην
1019 587 1236 676 άδρυνθεΐσαν
1253 595 1363 677 πρέμνον

296 693 432 778 μεγάλου
455 677 564 756 inseri.
607 682 695 754 σάποσ
714 687 785 772 γάρ·
798 682 839 770 ἦν
858 688 938 770 ὀψία
958 693 1054 774 δειλη,
1075 691 1131 754 καί
1151 687 1188 754 τά
1210 695 1362 775 χορτοῆθει

295 791 384 878 δδιορ
408 793 570 856 α’πυλυθέν
593 793 680 854 θέειν
700 785 780 853 κατά
802 790 860 856 τοῦ
881 786 1013 866 σκεύους
1033 787 1202 876 έλεάθερον
1221 791 1362 874 κατηγόρει

294 891 352 960 τὸν
374 889 492 978 δρόμον
512 893 557 978 τῷ
584 889 783 976 κελσρυσμρλ.
824 887 877 952 κατ’
905 885 923 952 o‘
947 893 1100 968 Μαζιδάς
1119 889 1306 975 παροδεύειν
1323 903 1378 953 rar-t

291 989 383 1078 χάν,
405 995 461 1058 καί
480 987 619 1067 ἀκούσας
639 983 658 1052 δ
684 987 807 1072 έγίνεισ,
830 991 936 1070 τρέχει
955 988 1101 1053 σπεάδοιν
1124 991 1179 1055 ias*
1199 989 1258 1054 τὸν
1279 989 1364 1056 Aonii

292 1095 349 1158 καί
369 1091 599 1174 ἀναμιμνήσκει
626 1087 822 1170 ιιρσενεγκάν
852 1085 875 1150 ἀ
905 1083 984 1152 εἶπε.
1027 1093 1082 1152 καί
1100 1087 1117 1154 δ
1136 1092 1251 1155 Δαυῒδ
1267 1089 1363 1172 άγανο-
1409 1135 1410 1146 i

291 1193 404 1275 κτῆσαι
424 1189 627 1276 σκηψάμενος
657 1183 851 1270 προυβάλετο
877 1192 1048 1253 λαθέσθαι.
1100 1187 1242 1264 ἀκοδσας
1263 1193 1297 1254 δὲ
1314 1191 1363 1252 δεῖν

290 1291 497 1376 έπισχεθηναι
521 1286 555 1354 τά
577 1285 667 1370 ἀδιορ
690 1283 732 1361 ἀς
752 1290 913 1371 ἐγχωροῦν
934 1291 1080 1372 γενέσθαι
1101 1287 1157 1354 καί
1176 1291 1320 1363 εἰσαῦθις
1336 1285 1361 1351 ri

290 1388 404 1472 καλόν,
435 1386 634 1472 ἀπηνήνατο,
665 1385 813 1465 ἐπιτάξας
838 1387 992 1472 ἀφίεσθαι
1022 1387 1108 1473 ῥέειν
1129 1386 1165 1454 ro*
1188 1383 1286 1480 ὕδωρ.
1323 1391 1388 1451 soitt

288 1491 396 1554 τοίνυν
418 1486 498 1554 αδτὸ
520 1489 579 1567 μέν
603 1487 777 1571 εἰσέρρεεν,
804 1485 825 1570 ἦ
849 1485 1003 1572 δεξαμενὴ
1025 1491 1062 1553 δέ
1085 1491 1257 1570 ἐξέπεμπεν
1276 1484 1295 1551 δ
1312 1490 1364 1552 iii·

285 1612 383 1672 χετυ,
405 1589 621 1670 ἀναλυθείσης
647 1588 704 1670 τῆς
725 1583 912 1671 προσφάτου
935 1586 1143 1671 έπιιιοιησεαις
1165 1581 1213 1665 οἷς
1235 1585 1270 1652 τδ
1293 1585 1361 1668 ὕδωρ

287 1691 470 1770 ἀπαλεῖψαυ
488 1686 547 1770 την
567 1681 669 1770 δγράν
688 1690 848 1770 παρέσυρε
868 1691 999 1752 τίιανον.
1041 1690 1097 1752 καί
1107 1687 1147 1751 οδ
1165 1690 1282 1752 πολλαί
1302 1688 1362 1771 riui·
1410 1745 1411 1766 ,

286 1811 343 1870 ραι
363 1781 488 1874 ᾤχοντο,
507 1783 562 1851 καί
583 1779 622 1869 ἦν
641 1781 676 1849 asi
701 1785 824 1868 ἀγγεῖον
844 1784 950 1852 κενόν·
992 1781 1069 1852 ὅθεν
1090 1783 1363 1870 συνεξεκενοέθησπι

286 1891 365 1972 ἡμῖν
387 1882 510 1952 ἅπασαι
534 1883 567 1950 αἱ
590 1885 643 1949 ε’πί
662 1889 699 1970 τῇ
731 1883 900 1970 ἀκροπόλει
921 1886 1055 1969 ἐλπίδες,
1076 1889 1130 1950 καί
1149 1889 1253 1952 ου’κέτι
1276 1886 1388 1957 ου’δείςιο

284 1989 455 2069 ἀνέβλεπεν
483 1988 529 2059 εἰς
549 1979 661 2068 αάτην.
717 1983 774 2049 καί
792 1981 882 2068 ἡμεῖς
910 1977 966 2050 οὖν
985 1983 1259 2067 συσκευασάμενοι
1279 1989 1362 2050 ἐκεῖσε

285 2084 503 2172 καταντήσειν,
524 2085 612 2169 εἴπερ
634 2086 698 2174 sip,
713 2088 768 2150 καί
779 2084 817 2150 τὰ
838 2087 993 2169 ἀναγκαία
1013 2081 1289 2170 συγκομισάμενοι,
1308 2085 1362 2148 έπεί

284 2187 445 2268 μάθοιμεν
476 2188 673 2252 ἀπολωλέναι
704 2186 740 2249 τά
762 2182 868 2270 ὕδωρ,
896 2183 1174 2271 συγκατερράημεν
1204 2184 1241 2250 τὸ
1260 2181 1363 2261 εὔελπι,

282 2284 339 2350 καί
359 2287 571 2368 διανείμαντες
599 2290 668 2351 έκεῐ
697 2285 755 2372 τήν
775 2285 967 2372 συγκομιδὴν
985 2283 1086 2368 μάνου
1107 2287 1163 2351 τοῦ
1184 2286 1302 2350 δειλιιῖν
1320 2283 1363 2346 καί

283 2376 439 2466 εὔχεσθαι
456 2388 656 2470 κατέστημεν.
1366 2391 1388 2446 u

370 2485 424 2557 Τίς
454 2475 495 2558 ἀν
522 2482 561 2568 δη
592 2482 749 2568 ἀπαγάγοι
780 2483 818 2550 τά
853 2487 984 2550 τοιαῦτα
1013 2487 1068 2550 τοῦ
1105 2482 1186 2549 κατά
1205 2483 1360 2568 προδοσίαν

282 2585 468 2664 συγγενικοῦ
475 2609 486 2664 ,·
508 2585 539 2648 εἰ
559 2581 622 2667 γάρ
644 2588 700 2648 κοί
718 2587 870 2668 μηδαμοῦ
891 2588 1032 2650 ἐνταῦθα
1052 2585 1199 2670 συνθήκη
1218 2579 1294 2667 πρὸς
1312 2599 1359 2644 πο-

284 2683 412 2764 λεμίους
436 2685 561 2767 (θετέον
579 2681 642 2769 γάρ
665 2677 782 2770 οὕτως)
809 2684 884 2748 otte
909 2686 1058 2770 ἀρέσκεια
1080 2687 1135 2749 έπί
1157 2683 1280 2768 διάροις,
1298 2703 1359 2766 ρει-

358 2842 401 2894 18.
422 2843 690 2918 σογκαιερράηιμὲν
710 2843 734 2896 Τ

285 3001 354 3054 dem.
389 3021 482 3056 verum
499 3006 574 3058 venti
602 3005 774 3059 abstulerunt
799 3007 947 3060 orationem
973 3007 1102 3073 Mazidae,
1122 3016 1151 3060 et
1169 3003 1356 3060 oblivioneob«

284 3081 394 3127 ruentes
420 3083 538 3129 mentem
558 3077 689 3141 Doridis,
718 3081 908 3132 summiserunt
927 3081 1070 3142 surculum,
1098 3079 1144 3150 qui
1165 3079 1273 3131 aduitus
1290 3078 1354 3144 stirps

283 3161 395 3214 magnae
422 3149 545 3200 miseriae
569 3150 682 3201 exstitit.
702 3147 839 3220 ¹nondum
867 3151 938 3201 enim
963 3152 1048 3201 muita
1075 3167 1188 3219 vespera
1208 3159 1274 3212 erat,
1290 3161 1353 3219 quum

285 3229 300 3264 a
322 3233 355 3266 ua
373 3219 477 3286 ingesta
496 3219 580 3272 libere
602 3237 648 3288 per
667 3222 787 3271 canalem
809 3221 919 3272 τίλλουσι
950 3223 1063 3290 strepitu
1083 3219 1228 3273 decursum
1246 3225 1353 3288 argueret.

284 3233 403 3338 iffazidas
423 3289 492 3342 forte
509 3292 674 3360 praeteriens
694 3298 776 3360 qusim
796 3291 922 3356 audisset,
941 3291 1006 3361 quid
1025 3293 1065 3342 rei
1085 3301 1167 3354 esset,
1189 3293 1224 3344 ad
1247 3289 1353 3343 Davidem

286 3373 364 3408 cursu
389 3359 508 3423 festinat,
527 3370 554 3412 et
572 3361 708 3424 admonet,
727 3363 802 3433 quod
818 3365 939 3414 suaserit.
975 3362 1090 3414 Derides
1109 3361 1203 3415 dolere
1222 3380 1250 3416 se
1267 3359 1353 3413 simulet

286 3435 314 3480 et
334 3429 370 3480 rei
392 3430 507 3482 oblitum
526 3449 582 3484 esse
601 3433 674 3484 dicit.
713 3435 832 3486 monitus
853 3443 953 3496 autem,
970 3451 1067 3504 aquam
1080 3434 1237 3486 effluentem
1255 3435 1353 3485 retiner·

285 3498 346 3550 dam
366 3517 432 3563 esse,
452 3503 580 3571 qrroniam
592 3503 716 3556 damnum
740 3506 835 3572 corrigi
850 3513 949 3574 ppsset,
968 3506 1109 3566 recusarit,
1128 3504 1176 3556 sed
1195 3507 1269 3556 iliam
1286 3497 1352 3553 emitti

285 3571 371 3622 iussit.
410 3575 501 3643 itaque
516 3591 585 3644 aqua
608 3575 740 3627 influebat
765 3575 889 3695 puidam,
916 3575 963 3626 sed
982 3577 1123 3626 emittebat
1142 3592 1234 3627 rursus
1252 3574 1351 3628 cisterno

287 3640 360 3712 quod
380 3653 525 3714 receperat,
545 3643 686 3710 dissoluto,
705 3661 770 3717 quor
796 3661 887 3698 recens
907 3654 1058 3716 reparatum
1078 3646 1175 3708 fuerat,
1195 3647 1258 3716 quia
1275 3643 1350 3696 calesu

286 3711 422 3764 humidam
443 3732 512 3786 aqna
530 3715 843 3768 abstersamauferebat.
864 3733 914 3768 nec
932 3718 1011 3768 multi
1030 3715 1088 3768 dies
1107 3717 1272 3777 effluxerant,
1289 3723 1350 3783 quw

286 3785 402 3837 cisterna
428 3786 617 3856 inanisceret:
647 3787 719 3840 unde
738 3788 819 3838 simui
843 3788 931 3840 inanis
959 3787 1062 3839 exstitit
1087 3789 1174 3839 omnis
1204 3803 1262 3858 spes
1281 3791 1350 3837 noste

285 3855 315 3906 in
334 3873 394 3908 arce
415 3858 555 3919 collocata,
574 3874 625 3908 nec
645 3859 698 3910 iam
716 3859 859 3928 qnisquam
880 3860 909 3909 in
928 3875 985 3910 eam
1008 3858 1183 3926 suspiciebat.
1219 3874 1265 3910 uos
1282 3855 1349 3922 igitur.

287 3923 365 3976 rebus
386 3930 545 3991 convasatis,
564 3936 594 3980 ut
611 3929 676 3980 illuc
689 3929 906 3992 concederemus,
927 3931 947 3979 si
969 3929 1114 3980 necessitas
1136 3937 1251 3997 cogeret,
1269 3935 1293 3976 et
1306 3921 1347 3972 ιοΙ-

286 3995 363 4047 lectis
385 3997 464 4050 rebus
481 4000 646 4062 necessariis,
666 4017 748 4070 quum
772 4015 868 4069 nquam
887 3999 1017 4050 defecisse
1034 3999 1212 4062 audissemus,
1229 3995 1347 4050 distnbuu

286 4066 325 4116 ibi
344 4067 430 4136 copia,
449 4070 484 4122 ad
504 4069 673 4121 formidinem
698 4079 727 4122 et
745 4086 837 4140 preces
856 4069 956 4122 redacti
977 4085 1076 4121 snmus.
1122 4069 1124 4074 '
1321 4129 1326 4140 ι

336 4137 405 4206 Quis
424 4155 487 4190 vero
506 4140 682 4194 vindicaverit
693 4140 759 4193 haec
778 4140 813 4192 ab
825 4140 955 4192 affinitate
973 4140 1158 4210 proditionis?
1179 4137 1276 4192 etiamsi
1292 4142 1346 4208 ‘md'

287 4206 362 4258 nulla
382 4209 424 4259 itti
452 4226 511 4261 curn
536 4211 613 4264 hoste
640 4213 731 4281 pactio
752 4212 919 4282 (ponendum
946 4213 1018 4264 enim
1037 4211 1091 4265 hoc
1110 4213 1162 4284 est)
1183 4209 1345 4280 necprsc¹⁸¹¹⁸
