2838 4902
235 298 310 378 456
654 304 909 370 EUSTll'l'HllJS

235 471 344 546 ypatio,
361 456 457 524 πόλιν
478 453 686 540 ε’μομγιλόλοι.
728 456 926 539 α’πεφοίβαζε
946 455 982 518 δέ
1004 447 1069 539 όρα
1090 455 1109 518 o‘
1131 453 1218 539 λόγος
1236 447 1327 529 οὗτος

238 559 316 626 nord
337 584 369 625 τι
389 554 583 622 Πυθοσνικόν
606 553 688 638 σόςὴ
718 550 920 637 πρεσβυτάτη
941 555 1156 640 Θεσσαλονίκη
1185 554 1262 642 ρρός
1284 551 1327 620 εἴ-

239 661 327 724 όαλα
347 658 512 739 καμόντων
536 652 674 736 οἴχεται,
695 650 779 716 καθὰ
814 655 868 715 καί
887 649 986 716 πόλοι
1007 658 1098 737 ποτέ,
1121 651 1165 731 σός
1188 657 1221 732 έξ
1240 652 1329 720 ἴστο-

240 761 311 840 ρίας
333 756 466 840 καθήκει
487 751 541 818 καί
564 755 610 827 εἰς
628 752 725 836 ἡμᾶς.
778 752 833 815 καί
852 745 935 834 η’σαν
956 748 986 815 οἱ
1006 754 1093 816 λίθοι
1114 755 1254 838 α’κριβοός
1274 755 1330 816 α’ν.

240 859 404 938 όρυχθεῖς,
424 854 552 929 ὁποίους
573 850 653 916 coeci
675 854 736 915 τεόν
757 849 844 934 οίμφί
863 847 917 914 τόν
938 851 1092 916 Ὀδυσσέα
1114 849 1145 917 οἱ
1164 861 1354 938 Λαιστρυ-5

238 955 325 1039 γόνες
347 955 581 1038 όιεχειριζσντο.

327 1056 393 1119 Tot
413 1051 520 1116 τοίνυν
535 1053 634 1116 κακοῦ
654 1048 737 1114 κότον
759 1051 817 1130 μέν
837 1051 1090 1128 οἷναστομοόυτος
1105 1051 1150 1125 είς
1170 1048 1333 1132 α’ξιόλογοι

237 1151 351 1237 χόσμα
372 1150 429 1234 τόν
451 1155 507 1217 rori
527 1153 653 1232 τέίχους
667 1148 884 1234 στεγανότητα,
908 1142 974 1213 ἄνω
995 1151 1030 1213 δὲ
1052 1148 1208 1224 τοιούτοις
1229 1151 1334 1222 λίθοις

241 1255 288 1327 εἰς
307 1250 423 1334 τρόμον
452 1253 660 1333 βιαζομένου,
689 1244 812 1326 ὀκλάζει
840 1245 875 1314 τό
906 1251 962 1314 καί
991 1247 1065 1323 τοός
1099 1247 1200 1324 πόδας
1219 1252 1277 1312 καί
1296 1247 1332 1312 τό

242 1347 384 1435 όπερθεν
415 1347 521 1414 παθόν
553 1351 610 1413 καί
628 1371 695 1422 πως
727 1350 781 1411 tut
798 1344 873 1428 γόνυ
906 1346 1085 1433 συνιζόνει,
1106 1347 1145 1411 τό
1167 1371 1204 1428 γε
1224 1350 1332 1430 πρῶτα
1344 1355 1374 1406 10

244 1446 435 1532 ου’μηχόνως
454 1449 660 1533 συνεστηκός,
689 1444 748 1520 ἕως
782 1444 811 1510 οἱ
844 1450 903 1528 μὲν
936 1445 1163 1530 όπορόττοντες
1194 1443 1248 1511 τόν
1270 1453 1334 1509 κατ’

246 1548 361 1624 αότούς
392 1541 509 1612 όεθλον
541 1547 719 1631 διηνυκότες
745 1544 1001 1630 ἀποκατέστησαν
1022 1553 1093 1622 ταῖς
1110 1549 1171 1610 τοῖν
1191 1551 1337 1626 συμβορ-

246 1646 355 1730 βόρισν
375 1655 512 1731 σκηναῖς,
534 1644 573 1710 τό
586 1648 634 1712 -όὲ
655 1641 894 1728 ὑποβεβλημένα
922 1645 968 1720 εἰς
990 1642 1123 1729 ἔρεισμα
1143 1651 1184 1732 τῇ
1205 1649 1338 1730 όισρυγῇ

247 1742 384 1828 κατεκάη
417 1745 461 1817 τός
495 1747 608 1810 dedunt
641 1741 737 1808 τόπον
763 1747 908 1808 έυτεόθεν
938 1747 975 1831 τῇ
996 1743 1172 1827 κατακόψαι
1192 1749 1252 1810 τοῦ
1273 1747 1340 1809 τεί-

245 1867 338 1928 χους.
380 1836 477 1924 οὗπερ
501 1839 603 1918 cicccc
626 1841 847 1917 όποκλιθέντος
873 1844 918 1917 εἰς
949 1843 1149 1926 πλαγιασμόν
1171 1843 1337 1926 συμβαίνει
1350 1857 1376 1908 15

249 1941 284 2007 τό
308 1943 430 2008 ἐκείνου
462 1935 559 2026 όκρον
589 1945 789 2027 διαιρεθῆναι
822 1935 945 2006 όνονθεν
970 1941 1029 2017 ἓως
1059 1946 1116 2006 καί
1135 1940 1240 2025 κότον,
1263 1941 1341 2008 ἔνθα

250 2066 316 2117 πως
343 2027 552 2124 ε’γλανχινσότσ
582 2043 811 2126 γωνιοόμενσν,
847 2041 901 2128 καί
929 2044 1091 2124 διαχανιΐν
1115 2047 1162 2116 εἰς
1191 2040 1343 2128 ἡμέτερον

251 2135 396 2224 ὄλεθρον.
440 2143 499 2204 τοῦ
527 2139 588 2224 γὰρ
609 2141 796 2205 condemned
823 2142 1060 2224 παραλυθέντος
1081 2140 1195 2224 εἱρμοό
1213 2139 1343 2222 έσχιστο

250 2243 284 2320 ἐξ
304 2235 459 2324 οἷνόγκης,
495 2233 544 2304 ότι
564 2241 647 2324 μηδὲ
673 2233 757 2324 εἶχεν
778 2236 797 2325 ἦ
824 2243 957 2324 ἐχομένη
988 2240 1109 2323 πλευραὶ
1132 2242 1344 2323 ἐγκαθεστιότι

252 2337 426 2425 ἡρμόσθαι,
441 2343 501 2424 ’τῆς
525 2341 564 2431 Ιέιι
587 2344 728 2422 πλαγίων
749 2335 944 2424 όπενόοόσης
971 2337 1052 2404 κατὰ
1073 2340 1183 2423 βάρος,
1206 2343 1274 2403 ἄλλ’
1294 2341 1378 2402 ἑτι-20

253 2435 409 2520 πέμψασά
435 2463 465 2504 τι
491 2435 606 2524 ἑαυτῆς
636 2441 757 2525 α’φῆκεν
795 2442 1023 2504 ἐπακολουθεῖν
1050 2443 1278 2526 κατακλιθείση
1308 2442 1345 2523 τῇ

255 2541 390 2622 γείτονι·
432 2542 486 2605 καί
505 2533 586 2603 odem
605 2537 761 2625 χόομημα
782 2543 854 2604 καθ’
876 2523 1090 2624 ἦμοόνἎιόου
1112 2538 1269 2623 ου’ρυνθὲν
1291 2562 1345 2600 κα.

256 2639 410 2702 τὲσπακιν
434 2639 478 2715 εἰς
495 2637 575 2720 χόσς
594 2638 776 2722 ἀτρύγετον.

334 2729 395 2803 Ἦν
420 2739 455 2802 δὲ
489 2735 507 2802 ό
540 2738 634 2812 τόπος
655 2731 745 2814 οὗτος
778 2736 896 2822 πόργσς
918 2736 1202 2822 Χαμαιόρόκσντσς
1221 2740 1345 2820 ἐπικλη-

261 2903 341 2939 raucn
359 2887 492 2940 clamavit.
513 2906 583 2958 quae
603 2890 685 2942 verba
704 2891 781 2960 queei
792 2888 1007 2943 vaticinabantur
1023 2888 1106 2940 modo
1117 2887 1345 2954 Pythio,‘l'hesea-

261 2959 387 3020 ionicam,
405 2959 498 3012 urbem
508 2961 725 3023 vetuetiseimam,
749 2961 783 3012 ad
802 2978 894 3014 mance
912 2961 1086 3012 discessuram
1108 2975 1176 3022 esee,
1196 2962 1266 3011 sicut
1284 2961 1344 3010 olim

262 3027 410 3097 aliquando
441 3030 540 3082 sectum
566 3049 624 3082 esee
654 3035 799 3102 memoriae
826 3031 964 3101 proditum
992 3038 1041 3082 eat.
1084 3038 1162 3080 eraut
1179 3038 1270 3083 autem
1287 3045 1344 3080 eaxa

262 3097 311 3149 illa
333 3115 365 3150 eo
385 3117 486 3164 onere,
512 3101 555 3152 cui
579 3103 648 3154 vires
668 3105 747 3154 unius
775 3101 893 3154 huminis
914 3103 959 3153 vix
976 3099 1147 3163 sufficerent,
1169 3102 1268 3153 similia
1285 3102 1344 3161 illis,

264 3185 334 3239 quae
353 3170 382 3220 iu
398 3172 519 3237 Ulyssem
539 3180 567 3223 et
584 3174 671 3224 rocioa
701 3174 757 3224 eius
776 3175 970 3240 Lacetrygouee
988 3179 1131 3224 torserunt.

332 3239 422 3309 Quum
441 3243 522 3309 igitur
542 3243 611 3294 inira
629 3243 706 3310 hiatu
722 3243 901 3310 haudexiguo
918 3259 1010 3294 murue
1031 3241 1216 3304 divelleretur,
1236 3255 1344 3310 enpeme

264 3319 354 3362 autem
365 3313 394 3362 in
406 3321 547 3364 tremorem
557 3315 638 3366 tantis
659 3315 811 3383 adigeretur
822 3316 902 3377 aazia,
921 3314 1046 3366 vacillare
1064 3313 1113 3363 ille
1124 3321 1261 3382 coeperat,
1273 3313 1344 3363 etin-

266 3381 341 3432 ferue
360 3389 388 3434 et
406 3400 520 3452 superne
546 3385 672 3448 afflictus,
692 3394 720 3438 et
735 3388 812 3456 quaei
823 3385 853 3438 in
870 3401 956 3452 genua
966 3391 1116 3453 prostratus
1134 3393 1183 3446 eet,
1196 3384 1270 3452 prius
1288 3388 1343 3450 apte

264 3461 427 3522 compactus,
447 3454 534 3506 donec
555 3456 589 3516 ii,
621 3457 667 3525 qui
687 3457 766 3510 illum
786 3456 960 3518 subruebant,
979 3470 1060 3523 opera
1079 3471 1127 3506 cua
1143 3453 1275 3517 defuncti,
1293 3454 1343 3504 dis-

264 3533 403 3576 ceeeeruot
422 3525 452 3576 in
471 3526 682 3578 commilitonum
702 3529 830 3589 tentoria,
852 3535 879 3578 et
896 3527 1034 3596 supposita
1055 3524 1090 3576 od
1106 3523 1274 3576 fulciendam
1291 3522 1341 3575 rci-

264 3602 329 3646 nam'
344 3594 417 3663 ligna
435 3595 646 3664 conflagrarunt,
665 3606 695 3649 ut
713 3615 804 3649 murue
831 3597 917 3650 libere
938 3597 991 3648 iarn
1008 3603 1100 3664 poeeet
1116 3595 1267 3648 concidere·
1301 3591 1343 3661 qui

266 3681 326 3716 cum
343 3665 382 3716 ita
399 3664 552 3734 procideret
571 3684 632 3719 casu
658 3667 792 3736 obliquo,
811 3669 911 3720 lactum
932 3675 980 3729 eat,
1001 3674 1030 3719 ut
1050 3683 1065 3716 a
1084 3684 1188 3718 summo
1207 3666 1242 3717 cd
1260 3667 1342 3722 imum,

267 3733 315 3788 ubi
333 3734 363 3788 in
381 3738 507 3804 angulum
525 3737 610 3790 flexue
629 3747 696 3802 erat,
714 3738 888 3792 divelleretur
907 3747 935 3790 et
952 3738 987 3788 ed
999 3737 1146 3806 perniciem
1165 3745 1278 3788 noctram
1291 3735 1342 3784 bia·

267 3815 317 3860 ret.
353 3823 470 3876 namque
488 3808 597 3860 vinculo
616 3826 648 3861 eo
661 3809 760 3872 eoluto,
777 3811 927 3861 neceesario
948 3817 1021 3861 totus
1041 3817 1135 3878 ruptus
1154 3816 1209 3869 eat,
1228 3807 1288 3876 qnia
1303 3805 1342 3852 la-

267 3885 311 3929 tua
334 3879 489 3946 contiguum
507 3895 564 3931 non
582 3879 635 3930 iem
653 3879 781 3942 habebat,
800 3898 853 3950 quo
866 3882 1038 3941 inniteretur,
1056 3888 1132 3948 parte
1150 3879 1259 3946 oblique
1277 3891 1341 3945 poo-

268 3946 331 3998 dere
356 3964 405 3998 suo
423 3949 551 4018 collapsa,
569 3949 616 4000 aed
632 3967 776 4018 parumper
793 3951 852 4002 loco
881 3959 983 4004 motum
1002 3951 1104 4000 ruinam
1123 3949 1251 4000 finitimae
1268 3945 1342 4016 partis

268 4026 388 4070 eecutum
412 4028 462 4070 eet.
499 4020 536 4070 ita
557 4037 605 4071 nos
625 4023 703 4090 quasi
722 4023 798 4088 Orco
817 4021 944 4074 advereue
958 4020 1062 4084 hiante,
1081 4021 1109 4072 in
1128 4028 1228 4073 vastam
1246 4014 1340 4080 voragi-

264 4103 329 4142 *uem
352 4089 485 4158 absumpti
504 4107 604 4142 sumus.

339 4160 401 4212 Erat
418 4168 507 4214 autem
535 4162 608 4214 locus
626 4161 676 4214 ille
696 4163 775 4214 turris
796 4160 1054 4225 Chamaedracouie,
1073 4162 1224 4232 appellatus
1240 4153 1339 4210 nomine
