2892 4904
291 302 365 382 496
444 352 462 391 -,
714 315 966 380 eustatmus

370 459 540 552 Ἓδοὶιιρνσν
570 457 657 550 ἅγιοι
683 467 718 530 δν
744 467 962 546 εἶνονιλιμασι·
1004 465 1060 528 ani
1077 460 1210 550 ἔχαιρον
1233 465 1263 532 οί
1284 474 1369 536 aerii·

290 567 397 646 πιδες,
440 569 578 649 λέγοντες
611 567 769 630 δυσωπεῖν
801 565 941 639 ἐκείνους
977 562 1056 646 ὑπὲρ
1088 563 1191 645 ἡμῶν.
1243 570 1371 654 ἐλέγομεν

290 663 383 750 ἡμεῖς
403 663 492 746 “ναι’,
514 665 585 730 ἀλλ’
620 664 678 728 oria
699 659 926 745 είσοιιοὺοιπαι,
949 661 998 727 διὰ
1021 661 1075 726 καί
1094 667 1280 744 ἐπιμένουσι
1299 673 1372 734 sini.

290 767 405 840 σνεες·”
446 767 501 830 καί
521 766 674 850 ἠπίστουν
694 759 781 848 ἡμῖν.
824 765 880 828 καί
900 761 993 828 adrat*
1012 765 1071 840 μὲν
1088 756 1169 846 ἦσαν
1192 769 1227 831 ἐν
1248 771 1372 834 ε’λπίσιν·

282 861 382 947 ’ἡμεῖς
404 865 441 930 δὲ
463 857 503 928 cd
524 860 640 939 εἰδότες
661 861 717 928 τὸν
737 855 868 948 ὄλεθρον
889 863 921 941 ἐξ
944 853 989 926 ὧν
1003 860 1066 926 οιαὶ
1084 857 1237 946 ἑωρῶμεν
1256 867 1311 932 καί
1329 871 1391 934 eft-s

290 962 388 1046 λόγως
408 963 598 1047 συνήγομεν,
635 962 692 1026 osia
720 960 848 1045 εἴχομεν
877 957 948 1026 δτι
975 965 1030 1026 καί
1051 962 1224 1047 δράσομεν,
1250 973 1374 1050 λέγοντες

290 1063 346 1128 καί
368 1062 460 1130 osiaci
486 1060 530 1148 μή
551 1085 583 1126 τι
607 1063 687 1146 πρός
710 1063 822 1149 α’γαδῷ
849 1054 937 1126 εἶναί
952 1085 1013 1126 τινι
1045 1057 1079 1125 ro*
1109 1066 1225 1131 μέλλον
1260 1069 1374 1152 εἰδέναι,

227 1159 370 1227 activae
391 1165 628 1252 τῷ“φρονσο”ντι
648 1163 749 1246 μηδὲν
768 1160 788 1246 ἦ
818 1165 932 1244 γνῶσις
953 1166 1124 1225 λυσιτελεῖ·
1143 1167 1199 1228 καί
1221 1168 1304 1230 κατὰ
1327 1166 1375 1250 τὴν

288 1267 345 1348 τῆς
365 1261 506 1347 ἱστορίας
525 1261 723 1346 Κασάνδραν
744 1261 842 1345 (δεινοί
867 1257 927 1344 γὰρ
951 1261 1049 1325 εἰπεῖν
1069 1257 1107 1324 rai
1130 1264 1232 1344 μειζοο
1254 1290 1375 1348 παρεισ.

288 1359 446 1446 acutione
469 1361 523 1426 καί
535 1358 729 1446 προφητικά)
751 1359 972 1445 α’ληδιζόμενοι
991 1361 1060 1443 μίν,
1083 1359 1251 1448 ἀφιέμενοι
1272 1367 1308 1430 δὲ
1328 1373 1405 1434 inti

286 1467 353 1528 λεῖν
373 1464 418 1538 είς
438 1461 577 1545 ἀνήκοον.

362 1552 481 1640 Ἔδειξί
502 1563 649 1643 πιείρας
670 1557 737 1624 adse
767 1559 825 1622 ουέι
845 1554 948 1624 αἴσιον
972 1558 1025 1623 καί
1044 1555 1063 1643 ἤ
1085 1557 1243 1643 πάναγνος
1266 1559 1375 1646 θεομή-

285 1685 359 1744 οιορ,
382 1655 402 1744 ἧ
424 1661 499 1742 παρ’
534 1657 611 1742 ἡμῖν
639 1661 699 1722 τοῦ
718 1654 842 1744 ὁδηγεῖν
866 1657 1047 1743 ἐπώνυμος,
1069 1661 1216 1724 δεικνῦσα
1239 1659 1284 1738 ὥς
1306 1663 1376 1726 dno-

284 1765 408 1844 στέργει
428 1758 467 1824 τοὶ
487 1763 559 1824 καθ’
580 1758 741 1843 ἡμᾶςκαὶ
763 1759 819 1823 oda
844 1761 949 1824 ε’θίλει
968 1764 1043 1839 μεθ’
1065 1758 1154 1843 ἡμῶν
1175 1753 1269 1826 εἶναι.
1291 1787 1376 1846 προσ.

285 1861 425 1924 δείσασα
446 1859 507 1944 γάρ
536 1882 613 1922 ποτε
645 1859 717 1924 τότε
735 1864 810 1924 καθ’
841 1856 963 1942 ἡμέραν
991 1855 1014 1941 ἢ
1037 1854 1073 1922 τὰ
1101 1862 1197 1942 κῦρος
1224 1859 1295 1944 ἔχει
1327 1867 1404 1926 caiti

285 1956 430 2025 τοιούτου
460 1963 579 2039 καλοῦ,
607 1962 663 2022 καί
689 1962 903 2043 περιελθοῦσα
926 1957 1005 2024 ἔνθα
1027 1962 1083 2041 τῆς
1105 1958 1226 2035 πόλεως
1249 1962 1269 2047 ἡ
1289 1955 1376 2026 iasa·

284 2061 384 2147 φὸτίγς
406 2053 511 2143 ἤθελε,
533 2057 588 2123 καί
607 2062 889 2144 α’ποιιαθισεαμίνη
911 2052 1010 2135 αὖθις
1023 2061 1070 2134 εἰς
1091 2059 1147 2124 εόν
1169 2055 1254 2126 οἶκον
1275 2061 1376 2144 αὐτῆς,

284 2161 430 2234 καὶτοῖς
450 2155 585 2234 εἰσόδοις
606 2159 767 2242 ε’γγίσασα,
790 2155 891 2233 οὕτως
912 2151 1005 2222 ὄκνει
1023 2156 1081 2243 εῆν
1102 2156 1226 2226 εἴσοδον
1252 2161 1296 2238 είς
1319 2163 1374 2226 α’νδ

254 2261 256 2280 “
282 2260 365 2325 πόδα
395 2266 514 2342 χωρεῖν
543 2261 699 2341 κραταιῶς
727 2255 898 2339 βιάζεσθαι
926 2256 994 2323 τὸν
1014 2259 1110 2343 adria
1146 2263 1305 2346 φέροντα,
1325 2259 1374 2326 σοι’

281 2356 484 2440 ἐνιστάμενον
510 2357 711 2439 βαρύνεσθαι
744 2353 794 2422 ὅτι
823 2358 909 2438 μάλα
932 2358 987 2422 καί
1013 2357 1094 2442 πρὸς
1113 2363 1157 2448 τῷ
1178 2363 1404 2430 nonantiscurte

279 2459 435 2543 γίνεσθαι,
454 2459 511 2522 καί
526 2455 565 2523 σοί
585 2453 682 2535 μόνον
700 2459 818 2522 ἐκεῖνον
841 2453 922 2520 α’λλοὶ
937 2455 992 2522 καί
1011 2451 1137 2541 ἄλλους,
1158 2455 1230 2524 ὅσοι
1251 2483 1369 2525 συνεπι-

281 2557 437 2640 λα’βσιντο.
487 2557 542 2621 καί
569 2548 606 2637 ἧν
627 2558 686 2638 μὲν
709 2553 766 2639 τήν
784 2551 889 2638 ἀρχὴν
918 2551 1076 2641 ὅέιιείνην
1096 2558 1220 2642 ἀνέχων
1240 2553 1370 2633 ὕποπτος

229 2732 236 2742 ἱ
281 2657 324 2733 ὡς
343 2655 467 2722 οἴκοθεν
494 2659 630 2722 τοιαῦτα
650 2651 855 2740 σεχνοίμενος,
882 2650 975 2720 ὁποῖα
994 2653 1105 2720 πολλοί
1126 2657 1366 2746 τερθρεδονεαι·

352 2949 542 3002 Lacrimabant
561 2951 646 3002 sancti
666 2950 697 3002 in
710 2949 885 3020 imaginibus3
913 2959 996 3022 atque
1017 2950 1153 3014 dicebant,
1174 2953 1222 3022 qni
1240 2971 1310 3005 vans
1328 2969 1369 3023 spe

283 3021 508 3085 delectabantur,
539 3023 628 3072 tristes
653 3021 715 3073 illos
738 3039 795 3073 esse
821 3029 913 3073 nostra
933 3039 1021 3074 causa.
1048 3023 1190 3092 “proiecto
1210 3025 1247 3075 ita
1266 3033 1316 3088 est,
1331 3027 1371 3076 in·

281 3093 454 3162 qniebamus;
473 3091 521 3144 sed
541 3110 596 3144 non
617 3092 808 3144 exaudientur:
829 3091 891 3144 ideo
910 3093 1048 3144 lacrimare
1059 3109 1116 3144 non
1130 3093 1286 3148 desinunt.”
1304 3093 1371 3146 bnud

281 3164 322 3215 ilii
341 3163 422 3216 fidem
440 3163 519 3216 nobis
539 3163 687 3228 habebant,
707 3163 753 3215 sed
772 3165 801 3214 in
821 3179 868 3234 spa
882 3171 976 3230 arant;
996 3179 1046 3215 nos
1057 3171 1156 3227 autern,
1175 3169 1372 3236 praesagientes

281 3237 375 3306 utique
394 3235 543 3306 perniciem
562 3250 595 3286 ea
614 3235 665 3297 iis,
686 3250 754 3303 quse
774 3243 801 3286 et
820 3233 971 3286 videremus
990 3234 1183 3304 etprudenter
1203 3237 1373 3290 ratiocinare·

281 3323 349 3369 mur,
369 3323 425 3358 non
454 3305 631 3368 habebamus,
650 3305 717 3376 quid
736 3306 897 3368 faceremus,
917 3303 965 3356 sed
986 3304 1144 3359 dicebamus
1162 3307 1256 3370 etiam,
1275 3309 1373 3360 nullius

280 3377 347 3430 boni
368 3393 425 3429 esse
444 3378 535 3430 futura
553 3392 642 3438 nosse,
667 3375 741 3446 quod
760 3377 877 3446 sapienti
895 3375 968 3428 haud
979 3375 1121 3445 prodesset
1143 3379 1276 3446 cognitio,
1297 3389 1373 3450 atque

280 3448 405 3518 exemplo
434 3447 539 3516 priscae
566 3447 640 3498 illius
668 3447 830 3500 Cassandrae
858 3445 965 3516 (vereor
986 3447 1058 3498 enim
1075 3449 1163 3500 maius
1189 3449 1259 3520 quid
1278 3449 1373 3510 dicere,

280 3528 309 3574 et
324 3518 474 3570 immiscere
492 3518 573 3570 etiam
591 3517 761 3589 prophetica)
781 3533 874 3568 verum
894 3515 1002 3587 quidem
1017 3517 1217 3585 sentiebamus,
1235 3519 1287 3573 sed
1303 3521 1375 3574 citari

279 3590 413 3642 incassum
430 3587 598 3640 nolebamus.

366 3676 494 3729 Ostendit
522 3684 580 3728 tum
607 3682 763 3745 portentum
791 3673 939 3726 infaustam
971 3674 1054 3726 etiam
1083 3673 1197 3745 deipara
1237 3678 1375 3732 sancfissi-

277 3766 339 3813 sna,
356 3765 460 3818 quaea
490 3743 663 3798 monstranda
682 3746 726 3798 vin
752 3743 824 3814 apud
853 3762 903 3798 nos
934 3734 1086 3814 cognomegd
1102 3746 1207 3810 habet,
1227 3749 1374 3806 declarans,

277 3837 306 3873 ac
337 3819 482 3872 abhorrere
502 3835 543 3870 rea
562 3825 668 3870 nostrae
687 3832 738 3867 nec
758 3815 899 3868 nobiscum
912 3819 1014 3868 versari
1030 3810 1112 3868 velle,
1149 3834 1270 3889 namque
1331 3836 1373 3870 um

276 3891 380 3944 obisset
408 3890 520 3952 urbam,
553 3897 581 3941 et
614 3903 720 3940 reversa
748 3904 838 3940 rursus
870 3885 905 3937 ad
933 3887 1063 3956 templum
1091 3889 1248 3942 accessisset
1273 3838 1372 3944 advia-

278 3978 338 4025 εει,
361 3963 400 4012 ita
424 3959 564 4026 recusabat
590 3958 750 4022 introitum,
775 3966 806 4010 ut
826 3956 924 4028 pedem
952 3958 1051 4010 referre
1069 3959 1206 4012 violenter
1222 3969 1371 4029 cogeretur.

278 4034 325 4102 qni
344 4032 418 4084 iilam
439 4031 569 4100 gestabat,
588 4038 616 4081 et
633 4031 738 4082 renisus
759 4045 837 4096 aegre
855 4036 970 4091 caveret,
990 4029 1134 4098 quominus
1145 4030 1307 4099 procideret,
1329 4029 1371 4081 id·

278 4118 332 4172 que
351 4119 406 4154 non
425 4103 512 4154 solum
528 4103 596 4172 ipse,
614 4100 661 4152 sad
686 4101 768 4151 etiam
795 4101 877 4152 ceteri
902 4101 1069 4170 omnes,qt1i
1093 4117 1146 4150 una
1165 4118 1224 4154 cum
1246 4103 1295 4154 illo
1312 4117 1369 4150 ma-

277 4191 328 4228 nas
346 4173 486 4228 inferrent.
524 4183 606 4246 atque
626 4171 660 4224 ab
678 4171 760 4223 initio
785 4169 897 4241 quidem
918 4171 1035 4242 suspicio
1054 4178 1120 4236 erat,
1139 4187 1210 4236 enm,
1229 4173 1276 4244 qui
1293 4171 1367 4222 illam
