2838 4902
205 329 580 403 1sususssttou10t
600 331 627 396 Α
654 335 811 400 LATINIS
832 335 975 403 ctPTs.
1074 325 1148 404 [145

142 482 237 552 Ἀλλά
272 485 363 547 τοῦτο
398 486 457 561 μὲν
488 477 622 564 ὕστερον
651 481 726 566 ήμῖν
754 485 873 569 ἐπῆλθε
891 479 1031 567 μαθεῖν·
1073 487 1150 554 sirii

67 585 231 673 στρατηγός
252 585 330 657 sisse
351 577 534 663 μεβάιλευεν
566 581 728 656 α’σκόλτως
749 582 789 647 τά
810 581 928 650 ἑαυτοῦ
947 588 1002 650 καί
1020 585 1150 670 ἐνετρά-

7 685 14 708 ”
67 712 112 772 φα
130 687 168 770 τῇ
189 683 284 768 istri,
305 680 359 744 καί
386 676 668 766 παρακαλούμενος
695 685 740 755 εἰς
761 680 838 765 ἔργα
859 688 1069 769 φιλοπονικαῖς
1092 686 1151 750 usi·
1199 737 1202 746 r

66 785 114 861 τός
132 783 274 870 ἑώρταζε
306 779 341 844 τό
370 783 610 868 α’πορρριθυμεῖκ
640 785 697 847 καί
722 781 907 848 ἀναπίπτειν
927 782 983 848 καί
1001 785 1151 850 ἀνίεσθαι

43 890 117 950 tuas*
135 881 387 965 καταπροίεσθαι
407 878 446 944 τά
469 877 605 963 ἡμέτεροι
635 884 721 961 μίσει
744 879 882 968 spinossi
905 886 965 946 τοῦ
984 888 1148 967 βασιλέως,

62 984 192 1048 κάκιστα
213 986 288 1065 μέν,
314 980 523 1064 α’νθροοπίνιος
542 981 573 1042 δ’
595 968 659 1063 οὖν,
684 983 768 1044 ἰδίου
789 983 888 1045 κακοῦ
912 983 970 1045 sesi
996 985 1063 1046 κατ’
1085 983 1149 1047 osi-

64 1083 115 1147 τόν
133 1079 170 1146 τό
193 1083 264 1144 καθ’
285 1078 370 1161 ήμάς
388 1076 491 1142 κοινόν
513 1076 761 1164 ἀλλαττόμενος,
783 1083 838 1145 καί
856 1073 915 1166 τήν
936 1084 994 1146 τοῦ
1014 1085 1149 1146 Σικελοῦ

62 1187 113 1260 τῆς
140 1183 200 1245 rasi
224 1177 365 1262 μεγάλου
394 1179 634 1242 Κωνσταντιλιον
656 1183 833 1264 προειθείς,
859 1181 916 1246 καί
934 1179 979 1256 κός
1000 1175 1040 1246 όν
1062 1178 1148 1244 εἴποι

60 1305 114 1363 τις,
132 1283 190 1344 τοῦ
210 1276 288 1344 κατά
310 1277 480 1362 Χάρυβδιν
504 1280 657 1342 σκοπέλου
679 1278 731 1343 τὸν
753 1281 858 1363 ἓτερον
881 1280 1145 1364 άνθαιροόμενος.

26 1385 113 1448 loxos*
134 1375 232 1463 άχλει
263 1380 322 1460 μὲν
353 1375 448 1442 αὐτόν
473 1380 518 1452 είς
539 1375 578 1442 τά
603 1375 683 1442 καλά
715 1382 770 1442 καί
793 1379 809 1442 ό
829 1379 984 1462 σεβαστός
999 1378 1147 1463 Ἰωάννης

60 1474 351 1562 όΜαυροζάμής,
382 1479 416 1542 ἐν
444 1479 488 1564 τῷ
518 1478 552 1540 εἰι
576 1477 821 1564 Πελοποννήσου
854 1481 1038 1560 σ’ναβαίνειν
1064 1477 1145 1560 μετά

57 1580 192 1662 saporosi
218 1580 416 1662 παραμείνας
445 1580 607 1656 ἐνταῦθα,
630 1571 698 1644 οὔτι
730 1583 798 1644 κατ’
828 1571 955 1644 εὔνοιαν
974 1577 1062 1661 μάλα
1083 1581 1146 1644 τάν

57 1682 127 1743 καθ’
149 1679 242 1764 ἡμᾶς,
264 1677 307 1752 ὥς
325 1676 478 1743 ὑπενόουν
503 1675 634 1756 πολλοί,
658 1676 740 1742 άλλά
759 1681 931 1758 τοῦτομὲν
951 1682 997 1753 εἰς
1016 1679 1145 1763 πρόφα-

56 1803 114 1865 σιν,
135 1777 215 1864 πρὸς
243 1777 399 1863 άλήθειαν
431 1781 467 1842 tt
500 1775 591 1864 πόθιρ
613 1780 668 1842 καί
688 1773 786 1853 οὗτός
809 1779 867 1841 τοῦ
885 1781 1023 1859 βλέπειν,
1047 1769 1143 1861 οὗπερ

23 1880 196 1952 misnensis
228 1919 268 1930 —-
299 1875 343 1963 μή
368 1902 399 1942 τι
427 1881 463 1942 δὲ
492 1869 557 1961 άρα
576 1880 633 1942 καί
659 1882 719 1942 τοῦ
737 1881 794 1961 ζῆν
814 1917 852 1929 --
878 1877 979 1970 φόβον
1000 1871 1067 1960 εἶχε
1090 1881 1147 1942 καί

56 1977 144 2054 osiris
167 1983 203 2044 ἐκ
222 1982 280 2044 τοῦ
295 1979 510 2063 Ἀνδρονίκου,
531 1973 574 2052 σός
596 1976 686 2060 λόγος
713 1975 814 2062 ἔρρεε.
857 1980 912 2042 καί
934 1972 1020 2058 ὅμως
1039 1977 1145 2042 ἐλάλει

55 2079 131 2142 καλά
150 2081 208 2143 καί
227 2075 340 2161 ἤλεγχε
359 2075 413 2142 τόν
433 2074 610 2163 στρατηγόν,
639 2071 724 2152 ὅπως
748 2073 787 2141 riv
805 2076 860 2141 nai
880 2079 1023 2143 διέκειτο.
1065 2076 1082 2140 ό
1108 2079 1145 2142 tt

55 2180 120 2242 οὐδ’
140 2180 245 2243 αὐτοῦ
277 2177 463 2263 ἐπίστροφος
497 2170 545 2260 siv,
569 2173 673 2261 τόσπερ
697 2177 772 2242 οὐδὲ
793 2179 855 2242 τάν
876 2170 981 2242 άλλων
1003 2175 1144 2262 ου’όενός,

54 2276 86 2342 ἓν
104 2280 206 2341 ἐκεῖνο
226 2281 351 2358 σκέμμα
366 2273 485 2360 στήσας
505 2281 540 2342 ἐν
559 2271 671 2364 ἑαυτῷ,
692 2281 732 2362 τῇ
744 2278 957 2365 Θεσσαλονίκῃ
979 2300 1143 2360 συγκατοι-

18 2374 213 2458 ιοχήοεσθαι
244 2379 309 2440 όὲει
334 2381 393 2441 τοῦ
417 2377 631 2458 Ἀνδρονίκου.
684 2379 739 2440 καί
766 2374 831 2460 μήν
855 2370 939 2458 εἶχεν
966 2372 1006 2442 όν
1030 2373 1144 2460 ἐγγύην

53 2476 284 2560 ἑπινοήσασθαι
316 2477 377 2558 sic,
408 2474 470 2560 εἴγε
502 2475 599 2540 σάσει
628 2476 686 2560 τήν
718 2476 827 2561 πόλιν,
854 2479 1061 2557 ε’κμειλίξεται
1091 2474 1145 2541 τόν

52 2568 161 2658 άγριον
182 2570 234 2641 οἶα
255 2578 488 2656 πεπιστωμὲνος
510 2571 591 2642 εἶναι
624 2579 679 2660 ζήν
697 2571 793 2655 άξιος.
836 2579 905 2640 αλλ’
925 2569 1068 2640 οότετόν
1086 2580 1146 2640 τοῦ

51 2677 220 2752 βασιλικοῦ
254 2667 354 2758 ἤθους
373 2671 514 2760 εὔριπον
542 2672 676 2761 ἐθάρρει
712 2672 888 2759 στήσεσθαι
918 2667 960 2740 aii
984 2677 1042 2740 ε’πί
1064 2697 1147 2751 τινος

122 2927 178 2980 Sed
197 2928 267 2980 iliud
291 2929 402 3000 quidem
427 2938 458 2982 ut
478 2931 696 2999 comperiremus,
718 2937 812 3000 postea
832 2929 910 2983 uobis
931 2930 1054 2998 contigit,
1091 2937 1147 2982 tuns

54 3006 142 3050 autem
161 2999 217 3051 dux
237 3002 287 3052 iste
307 3002 383 3054 uuila
403 3019 431 3052 re
459 3000 582 3053 turbatus
599 3019 647 3052 sua
672 3002 811 3053 commoda
830 3002 987 3074 quaerebat,
1004 3003 1148 3071 imperium

54 3071 219 3139 negligebat,
238 3071 439 3142 adhortansque
456 3072 492 3122 ad
512 3081 622 3124 strenue
641 3072 819 3124 laborandum
841 3075 918 3136 alios,
939 3074 999 3142 ipse
1017 3074 1085 3135 otio,
1103 3075 1147 3124 in-

53 3144 120 3190 ertia
143 3152 172 3192 et
190 3143 297 3210 ignavia
321 3143 469 3194 feriebatur
489 3142 678 3214 prodebatque
698 3162 739 3195 res
764 3153 877 3206 nostras,
895 3144 959 3194 odio
979 3145 1148 3212 imperatoris

53 3221 221 3275 consumtus,
246 3215 360 3283 pessime
378 3213 505 3284 quidem,
524 3213 573 3266 sed
590 3213 709 3266 humane
729 3224 836 3276 temen,
855 3216 988 3283 privatum
1008 3230 1085 3264 suurn
1103 3215 1147 3263 in-

55 3283 230 3334 commodum
252 3292 345 3336 nostro
362 3285 502 3355 depellens
524 3285 667 3349 communi,
685 3294 767 3355 atque
785 3286 919 3336 civitatem
931 3284 1015 3336 Siculi
1031 3300 1148 3404 praepo-

52 3369 119 3404 nens
131 3355 236 3406 civitati
247 3357 336 3423 magni
347 3357 527 3420 Constantini,
549 3365 577 3408 et
594 3357 680 3428 quasi,
691 3355 792 3424 utquis
810 3355 919 3416 disserit,
933 3371 996 3424 prae
1010 3355 1095 3420 Cissry
1119 3355 1147 3404 di

52 3425 168 3476 alterurn
196 3435 357 3495 praeoptans
380 3430 520 3496 scopulum
539 3429 664 3494 Scyllam.
707 3435 790 3497 atque
811 3426 902 3477 turbat
919 3441 979 3476 eum
999 3426 1027 3475 in
1046 3426 1148 3494 pulcris

52 3495 106 3546 illis
124 3497 245 3564 inceptis
263 3499 379 3550 ioannes
403 3499 589 3551 Maurozomes
609 3515 736 3568 quoque,
755 3496 888 3559 schottus,
906 3497 953 3566 qui
972 3513 986 3546 e
1009 3495 1148 3565 Pelopon-

51 3581 115 3617 neso
136 3566 246 3619 rediens
264 3585 324 3620 curn
344 3570 463 3621 exercitu
484 3570 528 3620 hic
546 3572 714 3633 constiterat,
731 3570 842 3620 minime
863 3567 973 3636 quidem
992 3568 1077 3617 nostri
1098 3567 1148 3617 ad-

50 3635 162 3688 modum
183 3641 278 3704 gratio,
298 3648 329 3691 ut
347 3641 426 3692 multi
446 3639 643 3710 opinabantur,
663 3641 710 3692 sed
730 3640 799 3691 iilud
818 3639 929 3708 quidem
948 3637 1084 3698 simulans,
1104 3653 1148 3688 re-

50 3724 113 3758 vera
144 3725 237 3760 amors
261 3711 400 3763 oculorum
424 3719 589 3774 commotus,
613 3728 679 3781 quos
706 3727 742 3762 ne
769 3728 817 3779 per
835 3708 1017 3761 Andronicum
1037 3709 1147 3758 amitte-

50 3786 144 3829 ret-
164 3796 200 3831 ne
218 3780 303 3832 dicam
321 3783 449 3834 vitam-
468 3784 548 3834 etiam
567 3784 645 3833 illurn
661 3790 782 3834 metuero
800 3782 870 3832 fama
883 3780 1020 3830 manabat.
1057 3777 1146 3830 nihilo

50 3858 142 3902 tamen
164 3851 341 3904 minusbona
358 3853 439 3906 verba
458 3854 549 3917 dabat,
576 3852 808 3922 redarguebatque
827 3851 921 3903 ducem
943 3859 1074 3913 nostrum,
1092 3867 1148 3919 quo

51 3921 101 3970 iste
122 3923 236 3988 ingenio
256 3932 335 3976 esset.
383 3926 476 3976 atille
498 3942 533 3976 ne
553 3923 625 3974 hune
644 3923 753 3994 quidem
773 3923 943 3992 respiciebat,
966 3931 995 3974 ut
1013 3922 1149 3972 neminem

51 3991 145 4056 aliurn,
166 3992 219 4044 isac
249 4011 302 4044 una
323 4012 352 4048 re
383 3996 434 4046 sibi
455 4004 583 4065 tanquam
604 3997 690 4063 scopd
706 3995 854 4064 proposita,
873 4003 905 4045 ut
921 4011 981 4044 cum
1000 3991 1150 4044 'l'hessalo-

50 4063 111 4112 nica
134 4064 255 4131 periret,
280 4074 355 4118 metu
382 4066 539 4118 Andronici.
576 4074 604 4117 et
623 4076 712 4118 tasuen
735 4066 801 4116 urbe
822 4074 925 4116 servata
946 4065 1022 4135 quasi
1041 4065 1149 4134 pignori

51 4133 172 4200 quodam
195 4135 332 4186 confidere
359 4146 475 4206 poterat,
501 4137 667 4206 placaturum
686 4152 714 4186 se
734 4152 793 4187 esso
820 4136 895 4186 iliius
916 4136 1051 4197 ferociam,
1070 4138 1090 4186 si
1110 4137 1149 4186 its

52 4221 80 4255 se
103 4206 161 4258 vita
181 4203 255 4258 haud
274 4208 414 4278 indiguum
432 4209 621 4278 praestitisset.
645 4208 781 4266 snisnrero
801 4223 851 4260 nec
866 4206 1001 4276 sperabat,
1021 4214 1148 4259 aestuan-
