2892 4904
274 313 349 388 osc
435 287 438 308 '
520 321 580 388 nn
608 322 786 388 tnonnu.
802 321 1112 388 entunnucnu

358 473 403 540 66
442 475 488 560 τῷ
507 473 638 564 τοιούτῳ
660 477 809 556 estuari
842 479 899 540 sai
916 477 995 563 θεῷ]
1019 477 1105 562 qnod
1127 476 1246 542 scilicet
1265 477 1368 541 aedifi-

269 559 354 622 cium
386 559 426 624 ad
462 560 511 624 dei
533 561 689 624 honorem
720 569 897 644 susceptam
931 562 1009 623 tanti
1040 563 1175 638 faceret,
1190 571 1235 626 ut
1257 564 1290 624 in
1315 585 1366 626 sua

274 653 378 708 statne
400 645 463 708 cius
485 644 643 708 substerni
662 645 870 708 fundamentis
890 646 1045 708 ambierit.

355 766 396 830 66
439 769 680 842 Κιοιοιοιιῖιος
702 763 772 841 viiic
803 764 955 850 Μιχαὴλ]
977 771 1020 832 sic
1041 769 1175 854 ingenue
1197 771 1275 848 Leo,
1298 791 1368 830 cnm

272 849 326 918 alt
346 851 449 914 Basilii
471 852 571 917 lilium
593 852 707 916 dicant.
729 854 903 916 Cedrenusa
926 846 1203 925 Komamirocn‘
1230 849 1370 936 πρεσβύ-

237 1029 240 1040 “
269 955 364 1034 ἘΜ
381 936 445 1079 ”ii
471 935 527 1034 'ii
547 931 964 1084 Beatiittpgmspp‘ppeiiitltptee
977 934 1369 1082 vliiiiniiioieiiiicoiiiasi

270 1019 692 1248 iiiiiiipiisiniiiinmtiiiin
715 1105 838 1188 reipsa
859 1042 1035 1182 Michailis,
1058 1105 1113 1189 qni
1133 1125 1169 1166 ea
1192 1043 1371 1167 concubiiia

271 1209 292 1251 u
308 1207 360 1250 ere
376 1209 422 1248 ur.

354 1299 393 1364 67
437 1303 540 1383 λιόροι
561 1303 767 1386 propinarent]
790 1302 962 1366 indumenti
981 1321 1077 1387 genus
1091 1301 1250 1379 videatur,
1273 1304 1370 1389 idque

269 1383 419 1466 cultioris,
443 1407 507 1470 quo
529 1386 706 1470 imperator
726 1388 805 1450 tanti
831 1387 939 1470 templi
964 1411 981 1448 a
1008 1410 1040 1450 se
1064 1389 1197 1449 extructi
1221 1391 1371 1451 encaenia

269 1469 434 1534 honorare
455 1469 599 1534 voluerit.
623 1470 698 1554 quid
717 1472 742 1532 si
761 1465 794 1532 ri
821 1467 1020 1551 intlwpiutor
1042 1472 1229 1551 explicatum
1252 1471 1291 1532 ad
1310 1473 1371 1534 Co·

270 1553 384 1640 dinam,
397 1555 436 1618 de
458 1553 599 1616 Officiis?
654 1553 684 1615 le
704 1575 782 1634 saye
814 1554 914 1633 royaI.
937 1563 1096 1638 sceptrum
1120 1577 1154 1616 ea
1175 1575 1256 1616 voce
1276 1557 1372 1640 signi·

270 1637 359 1698 liceri
379 1660 444 1700 non
464 1639 555 1700 facile
578 1635 796 1721 persuadeor:
820 1639 946 1716 taenias,
972 1661 1106 1720 quarum
1129 1639 1222 1700 etiam
1245 1661 1319 1702 usus
1341 1639 1370 1701 in

269 1721 382 1784 habita
401 1723 581 1806 Augustali,
604 1743 678 1782 num
700 1721 860 1804 significet,
884 1721 1001 1805 cogitet
1020 1722 1129 1785 lector.

350 1819 392 1884 68
432 1814 595 1904 γεγονότος
616 1817 770 1906 ἀφανοῦς]
795 1823 873 1884 nihil
894 1821 946 1883 hic
967 1821 1206 1884 emendandum.
1249 1843 1295 1885 ac
1319 1824 1371 1886 ulti

267 1903 444 1992 dispar-uit,
464 1905 578 1968 cratiae
607 1925 641 1968 se
670 1926 741 1966 curn
772 1907 1000 1986 arbitrabatur,
1028 1927 1088 1970 ιιοιι
1099 1905 1204 1988 fuisse
1218 1906 1371 1970 delusum.

144 2057 147 2064 ⁴
269 1987 313 2052 sic
335 1989 450 2074 passim
470 1989 583 2074 quihus
602 1989 852 2074 praestigiatores
877 1989 1027 2052 eiusmodi
1049 1990 1230 2074 imponunt.
1267 1993 1270 2000 “

357 2111 398 2176 69
440 2114 509 2200 lego
545 2109 686 2195 ἀκριβῶς
713 2115 929 2196 μεμιημένοςι
965 2128 1110 2200 tanquam
1139 2115 1173 2176 in
1205 2115 1374 2199 Apollonii

269 2211 350 2260 secta
383 2199 549 2282 diligenter
573 2212 729 2276 versatio,
767 2219 808 2262 ac
845 2200 923 2260 artis
958 2199 1100 2282 magicae
1130 2198 1225 2259 valde
1241 2202 1366 2284 peritae

270 2289 347 2344 nota
367 2280 526 2366 Apollonii
546 2281 684 2367 Tyanaei
707 2283 842 2343 conficta
872 2281 1022 2344 miracula
1042 2291 1137 2365 atque
1157 2281 1270 2364 magia.

354 2403 395 2468 70
437 2402 471 2466 ir
488 2403 684 2490 salsiorem]
710 2405 948 2485 Constantinus,
970 2404 1026 2466 τοῦ
1046 2402 1251 2486 ὑποδήματος
1272 2398 1366 2477 ἐντός.
1442 2433 1445 2540 4

351 2521 390 2585 71
434 2515 665 2598 ιιίιοοοιοψίζιι
685 2513 820 2586 Λὲωιό
849 2518 1013 2604 βασιλέος]
1031 2533 1166 2605 paterna
1184 2521 1365 2603 praesentia
1444 2595 1445 2600 η

268 2619 357 2690 atque
377 2618 536 2688 conspectu
552 2606 695 2690 privatin
717 2619 805 2681 erat,
835 2603 977 2666 nondum
1006 2603 1123 2666 scilicet
1145 2606 1239 2686 plene
1262 2606 1291 2665 ei
1315 2627 1363 2666 re·
1444 2605 1445 2614 ’

241 2691 378 2754 ¹stitnta
398 2699 529 2770 paterna
551 2688 674 2772 gratia,
709 2689 748 2750 ad
772 2711 865 2772 quam
888 2689 915 2750 ei
937 2687 1159 2749 restituendam
1183 2709 1218 2750 ea
1241 2687 1364 2750 videtur

269 2773 333 2834 lasa
354 2773 468 2850 fabula,
489 2781 525 2833 ut
545 2771 624 2834 sicat
658 2793 807 2855 proceres
832 2773 862 2832 in
886 2771 1031 2833 convivio
1052 2771 1131 2832 solvi
1155 2791 1287 2833 carcere
1307 2773 1364 2834 ob-

268 2856 429 2920 tinuerant
462 2875 497 2916 ca
521 2863 585 2916 tata
607 2857 769 2918 occasione
803 2877 837 2918 ex
860 2855 984 2937 psittaci
1004 2857 1140 2916 Leonem
1163 2857 1364 2916 memorantis

269 2959 307 3002 ac
327 2941 414 3001 velot
437 2876 630 3022 deplorantis
644 2940 773 3024 garrulo
796 2942 942 3021 strepitu,
966 2939 1011 3000 sic
1034 2938 1167 3021 populus
1188 2940 1219 3000 in
1233 2941 1264 2999 S.
1281 2939 1364 3000 Eliae

268 3023 390 3086 solenni
411 3043 567 3105 processa,
589 3025 639 3084 cai
660 3024 786 3084 Basilius
808 3023 1020 3084 devotissimus
1042 3032 1132 3099 esset,
1154 3045 1192 3083 ac
1211 3025 1299 3085 velut
1320 3025 1364 3084 se-

268 3107 310 3170 sti
328 3107 425 3191 gratia
446 3106 670 3190 indulgentiam
691 3107 865 3169 absolutam
881 3114 1110 3190 paternumque
1125 3107 1296 3168 successori
1316 3129 1363 3169 so-

269 3191 346 3253 lium
367 3191 492 3252 ambiat.
534 3189 610 3251 illuc
631 3193 713 3253 enim
735 3191 787 3252 illa
811 3189 991 3253 exclamatio
1015 3191 1172 3268 collineant,
1193 3192 1298 3272 gloria
1312 3191 1364 3252 riti

268 3276 406 3352 domiue,
431 3274 675 3337 subintroducto
695 3277 801 3339 Leone
825 3296 862 3334 ac
891 3281 1052 3355 praesente
1083 3273 1141 3335 sub
1177 3275 1246 3356 ipso
1268 3275 1361 3355 patris

269 3377 433 3442 processu,
454 3355 590 3421 eiusdem
614 3381 653 3420 ne
685 3359 814 3422 adeam
841 3359 1014 3438 responsio.
1060 3357 1199 3428 eiusdem
1219 3360 1305 3419 vocis
1323 3358 1362 3418 vis

269 3443 413 3525 aperitur
432 3449 464 3504 et
486 3463 557 3524 pag.
621 3443 651 3520 3,
673 3443 728 3504 nbi
749 3443 788 3504 de
806 3442 957 3504 Damiano
979 3442 1097 3523 refuga,
1119 3461 1191 3504 cnm
1216 3461 1280 3525 qno
1301 3443 1360 3502 Leo

269 3525 363 3589 vellet
377 3525 484 3606 ,mitius
504 3525 570 3608 agi,
603 3525 720 3588 dicitur
739 3517 854 3606 ἤθελεν
884 3520 901 3585 ὅ
920 3520 1072 3603 βασιλεύς
1100 3515 1360 3606 οἷποοοιιοψιοθῆ·

270 3629 324 3671 raa
345 3606 455 3696 αὕτῷι
482 3610 723 3694 exprimuntqae
746 3607 904 3672 cedrenus
928 3618 960 3670 et
979 3611 1159 3692 Anonpmus
1177 3603 1361 3688 ὀογγιιόμης

269 3697 378 3772 τυχεῖν
400 3687 505 3753 αὐτόν.
549 3695 626 3754 lianc
645 3697 673 3752 ei
692 3695 883 3754 mitissimam
899 3713 1031 3786 poenam
1046 3688 1164 3774 imponi
1187 3689 1270 3752 utin
1290 3712 1362 3752 con-

269 3789 402 3859 spectum
430 3775 536 3837 venire
562 3799 623 3838 non
653 3777 765 3838 liceret.
815 3797 848 3836 se
877 3777 988 3836 retirer
1010 3795 1095 3860 poia·
1113 3791 1158 3838 ιιιι
1179 3784 1253 3836 ienis
1273 3775 1313 3838 de
1332 3775 1361 3834 la

269 3879 350 3920 cour.
393 3860 436 3922 sic
455 3863 613 3962 sepuentia
636 3859 770 3920 eiusdem
787 3861 941 3943 Anonymi
961 3855 1142 3920 declarent:
1163 3853 1361 3938 ὂνιοιήοοΣο-

269 3942 378 4018 μωιᾶς
400 3941 462 4004 ἀπὸ
484 3957 592 4020 οψιως
611 3944 713 4024 μῆνας
733 3945 887 4024 τέσσαρας
917 3941 952 4004 ἐν
972 3942 1016 4027 τῷ
1038 3939 1208 4022 Καίσαρος
1226 3941 1362 4019 καθήμε-

271 4043 334 4104 ιος,
354 4027 409 4087 καί
430 4023 510 4104 μετὰ
533 4027 634 4090 ταῦτα
654 4029 709 4105 τῆς
729 4026 896 4105 βασιλικῆς
919 4015 1101 4102 ὄψεωςκαὶ
1121 4019 1249 4104 ὁμιλίας
1268 4041 1359 4102 κοῖς·

270 4103 379 4190 ξιιόθη.
421 4112 464 4172 sic
490 4111 528 4172 de
550 4113 621 4193 ipso.
633 4113 739 4174 Leone
757 4107 903 4192 ιἰιοιίγοιι
926 4105 988 4171 tini
1011 4099 1116 4190 ὅψεως
1137 4107 1239 4188 μῆνας
1257 4107 1358 4188 τ’ρεῖςι

272 4207 350 4274 quos
369 4196 450 4257 istud
473 4207 612 4258 secutum
634 4204 686 4256 est.
