2892 4904
529 323 679 392 NOTAE.
1077 321 1148 392 521

149 479 188 544 53
230 479 396 560 διβιτι’σιον
427 481 482 542 καί
511 479 653 561 ιζαγγία]
683 487 790 563 potem
811 501 933 544 roccum
955 437 1153 564 imperatoris

77 567 183 648 insigne
202 588 272 628 eum
293 565 418 641 calceis,
442 565 554 647 quibus
577 567 702 628 Basilius
737 564 860 627 indutos
891 563 1009 626 dicitur
1029 587 1046 625 a
1065 563 1154 626 c'nbi-

73 650 197 728 culariis,
217 649 424 730 superiniecta
457 647 636 733 chlamyde3
660 671 724 732 qno
751 648 858 710 habitu
881 649 993 710 Graeci
1016 649 1154 732 impere-

74 741 150 794 torcs
169 734 278 815 possim
302 730 404 794 induti
424 742 598 795 cernuntur
619 733 702 815 opud
723 731 896 794 Chalcond.
917 739 975 796 eto.
1079 796 1084 802 ,

163 851 203 912 54
243 848 419 930 εἰσαγαγεῖν
440 847 474 910 ἐν
494 843 611 934 σάκκῳ]
640 871 724 912 tacco
745 849 879 912 indictum
898 847 1074 934 producere,
1099 855 1155 911 tn·

73 935 134 994 nien
154 934 271 996 scilicet
292 933 455 1014 imperiali,
477 933 525 994 uti
553 935 647 996 etiem
675 938 781 994 tennes
803 953 875 994 cum
897 930 1153 1015 archiepiscopati

72 1018 158 1098 pallio
179 1017 299 1078 tumulo
322 1018 451 1080 eductus
470 1027 527 1089 est,
552 1009 622 1094 ἅμα
642 1015 684 1102 τῷ
705 1013 897 1099 ὥμσφσρίριι
920 1014 1016 1076 uthis
1037 1015 1068 1076 in
1081 1015 1153 1079 cir.

74 1122 107 1162 co
130 1102 247 1163 solenni
270 1103 336 1162 ritu
357 1110 448 1162 exuta
460 1098 612 1162 cadavere
634 1100 819 1184 reputarent
837 1119 874 1160 ac
894 1107 961 1162 tum
974 1119 1156 1162 cremaren-

72 1194 128 1262 tur,
148 1186 193 1246 uti
214 1185 332 1246 fectum
354 1194 409 1246 est.

162 1291 201 1354 56
241 1291 399 1376 revector]
421 1291 571 1374 generalis
591 1291 764 1374 logothetae.

161 1413 202 1478 56
245 1407 263 1474 ti
284 1415 428 1497 Πέρσης]
454 1415 535 1476 hunc
549 1415 674 1477 Persam
694 1416 758 1498 ipso
782 1415 838 1476 hec
859 1414 970 1498 pagine
993 1413 1155 1496 Eulogium

71 1500 207 1580 appellnt,
230 1499 318 1560 onius
339 1521 427 1562 suasu
450 1499 639 1562 Ancharius
662 1499 769 1582 palatii
791 1499 874 1562 fores
895 1498 1007 1560 Basilio
1031 1500 1157 1584 aperuit

73 1585 189 1666 vimque
210 1584 324 1666 pepine
346 1583 432 1646 fecit.

159 1705 197 1770 57
239 1705 413 1791 Ἀπελάτης
429 1703 445 1770 ὅ
461 1707 604 1792 Πέρσης]
627 1711 692 1790 ipse
715 1708 770 1791 qni
789 1706 948 1792 superiori
968 1706 1158 1793 pegineEii-

74 1781 170 1866 λόγιος
191 1791 292 1854 dictos
314 1803 369 1870 est,
392 1813 428 1855 ac
447 1792 542 1874 poulo
566 1793 708 1875 superins
731 1792 872 1856 absolute
893 1783 909 1852 ὅ
931 1791 1075 1874 Πέρσης.
1099 1814 1156 1856 nee

71 1871 154 1934 video
182 1886 218 1938 ut
249 1897 310 1938 vox
326 1867 506 1957 Ἀπελάτης
531 1897 604 1937 sena
625 1875 681 1952 sit,
702 1884 757 1937 ent
778 1875 854 1960 qnid
878 1874 917 1936 od
939 1897 1006 1938 rem
1028 1877 1154 1960 [Goari]

71 1952 242 2040 Ἀσελᾰνης.
293 1957 400 2022 meiius
417 1951 592 2040 Ἀνιλὰκης,
613 1959 698 2022 cuius
730 1967 775 2022 eet
794 1957 868 2036 alibi
887 1960 1015 2037 mentio,
1038 1983 1101 2022 nou
1122 1972 1157 2022 ut

71 2038 105 2181 sdit
126 2041 260 2188 ipsleuhic
278 2041 373 2172 Pgrsa
395 2044 450 2127 qni
470 2041 652 2108 Michaelem
673 2042 797 2110 occidit.
841 2039 917 2128 quid
937 2043 963 2104 si
983 2038 1155 2116 ἀπελαθεὶς

90 2143 140 2182 eo
214 2147 309 2207 ρσης.

145 2247 185 2312 58
225 2247 316 2314 κιόνα
338 2246 624 2336 ὕποσνσιημάτων]
644 2251 818 2314 columnam
841 2269 1017 2346 compagem
1037 2263 1156 2314 costen-

74 2343 188 2394 lamem.
935 2351 942 2362 ”

82 2503 84 2510 ,
145 2455 184 2518 59
226 2453 305 2522 ὅδὲ
323 2453 502 2537 θυμωθεὶς]
533 2480 655 2521 causam
678 2459 821 2544 obrogoti
854 2458 968 2521 Photio
991 2459 1156 2541 episcopa.

73 2545 114 2598 tus
134 2542 236 2603 mitius
269 2543 366 2605 refert
388 2542 624 2616 Constantinus;
651 2563 763 2626 nempe
789 2557 824 2604 ut
841 2555 872 2604 et
892 2563 994 2604 verum
1014 2561 1156 2624 sponsum

72 2624 209 2686 ecelesiae
239 2637 271 2686 et
291 2627 371 2710 filiis
387 2639 509 2712 patrem
535 2649 577 2688 esc
597 2647 745 2688 canonum
768 2629 888 2688 ratione
908 2623 1067 2702 redderet,
1089 2645 1156 2686 ces.
1189 2675 1193 2681 .

72 2724 133 2847 {are
152 2708 234 2850 {osso
257 2707 443 2772 incubatore
463 2709 600 2788 Photio,
623 2711 724 2772 donee
747 2711 878 2772 atterum
901 2709 1044 2772 dominus
1066 2708 1105 2769 ed
1127 2729 1159 2770 se

86 2809 150 2850 rans
164 2799 259 2854 erret.

150 2911 189 2976 60
234 2909 271 2975 to*
298 2915 444 2995 δευτέρον
464 2913 576 3000 αὐτοῦ]
600 2917 642 2978 sic
656 2916 794 2978 emenda.
817 2911 852 2976 τὸ
876 2908 1039 2995 δεύτερονι
1062 2913 1159 2997 Igno-

71 2997 138 3056 tium
158 3002 377 3078 patriarcham
400 3001 511 3060 iterum
534 3002 691 3062 constituit.
735 3011 802 3062 tum
821 3011 988 3083 sequatur:
1010 2997 1159 3081 ἐγεννήθη

72 3077 103 3138 δὲ
125 3079 208 3168 αὐτῷ
230 3081 331 3155 Ἀλέξ.
361 3071 452 3154 οὗτος
482 3089 556 3155 παῖς
578 3082 718 3168 [atrei]
737 3085 808 3161 suit
834 3085 882 3144 tic
913 3087 979 3146 cius
1023 3083 1098 3160 lior,
1119 3103 1159 3162 ᾳσ

71 3162 235 3244 legitimus5
267 3166 378 3250 reliqui
400 3164 517 3228 seilicet
537 3167 756 3229 Constantinus
785 3176 817 3229 et
837 3169 901 3228 Leo
923 3165 985 3228 Mic
1008 3165 1072 3226 nile
1094 3165 1160 3226 nati

74 3257 165 3329 erent,
188 3251 332 3334 Ingerina
353 3250 496 3312 Eudocia
517 3251 545 3312 ei
570 3250 691 3332 pellice.

146 3347 183 3410 61
229 3347 275 3420 εἰς
302 3349 473 3432 Τιβρικοῖς]
495 3352 597 3412 scribe
629 3371 664 3412 ex
688 3350 892 3413 Constantino
915 3347 961 3422 εἰς
985 3341 1158 3430 Τεφρικὴν,
1254 3391 1259 3404 .

73 3431 122 3511 qui
144 3431 224 3494 hanc
249 3434 333 3494 clarc
353 3434 582 3515 expeditionem
604 3444 721 3500 narret.
750 3446 891 3517 spectare
910 3433 1095 3516 Tephrieem
1119 3433 1159 3494 ad
1250 3514 1254 3522 .

73 3518 247 3578 Armeniam
270 3539 305 3579 ex
328 3537 366 3578 eo
391 3517 526 3600 colliges.

148 3623 189 3688 62
231 3623 265 3687 ἒν
284 3625 320 3710 τῇ
338 3622 494 3710 ἈφρικῃἹ
517 3627 647 3728 emendn¹
668 3625 703 3688 ἐν
723 3626 764 3709 τῇ
786 3625 940 3710 Τεφρικῇ.

149 3747 190 3812 63
232 3744 401 3833 ἐβάπτισεν
422 3746 496 3826 τούς
511 3745 688 3832 Ἑβραίους]
703 3751 802 3814 minus
823 3772 890 3813 rem
902 3749 1021 3812 cessisse
1043 3746 1158 3808 adver-

74 3829 109 3890 tit
128 3832 356 3912 Constantinus,
380 3835 533 3918 plerisque
546 3855 592 3898 'eo
616 3837 764 3898 defuncto
785 3836 824 3897 ad
847 3835 999 3896 vomitum
1017 3829 1158 3893 reversis.

74 3912 174 3977 durius
195 3917 225 3976 in
249 3939 300 3980 eos
322 3919 383 4001 egit
405 3921 575 3995 Heraclius,
601 3919 654 4002 qui
675 3923 783 4002 poenis
804 3919 844 3980 ad
863 3919 1015 4002 baptisma
1037 3915 1158 3998 adegit;

74 3997 195 4060 Basilius
217 4003 421 4066 beneficentio
446 4005 540 4086 magis
562 4006 715 4066 invitavit.

136 4104 193 4204 ἱ64
232 4103 265 4170 τὸ
292 4104 450 4193 wrigton]
472 4127 597 4196 septum,
622 4114 760 4188 ambitos,
781 4113 936 4194 porticus:
958 4130 1029 4171 nam
1049 4118 1081 4170 et
1102 4125 1159 4185 με·

75 4207 144 4272 τοχη
165 4195 256 4259 etiam
280 4187 296 4253 ὃ
317 4193 482 4278 περίβολος
505 4194 658 4264 redditur.
