2838 4902
208 277 262 338 uu
290 268 641 336 inessnnourcnn
671 195 828 336 ursinis
851 271 993 352 cunin.
1066 263 1138 340 ten

62 437 129 494 λοσν
148 427 203 490 καῖ
218 451 248 490 τι
266 431 394 506 χεῖρον·
436 421 688 502 μισθαρνοῦντες
707 423 769 506 γάρ
785 427 848 490 τεόν
869 428 1049 510 δημοτικῶν
1072 419 1141 490 όσοι
1235 441 1241 456 ·

63 527 151 606 δεξιοὶ
169 525 223 600 τός
245 531 358 606 χεῖρας
375 524 430 586 καῖ
456 517 586 604 βριαροί
606 518 723 605 ῥάβδον
748 546 783 594 τε
806 532 1001 608 κατενεγκεῖν
1021 524 1077 589 καὶ
1096 530 1143 590 λί-

61 635 111 692 θον
130 623 255 710 μακρόν
286 624 418 708 α’φεῖναι
444 626 500 685 κατ’
518 617 664 704 μηχανὴν
693 623 1032 708 διαχειρι’σασθαι*και“
1051 626 1141 703 τόξου

62 724 167 809 νεαρόν
188 727 320 790 ἐντεῖναι
340 723 397 784 καιΙ
411 725 532 802 βαλεῖν,
554 719 729 804 ἐξεχώρουν
746 723 802 805 τῆς
823 728 983 810 πατρίδος,
1008 723 1062 788 καί
1083 728 1143 788 ου’-

41 826 112 910 inin
133 830 190 906 μὲν
210 818 405 902 ἀπεστέρουν
435 815 537 895 οὕτως
566 819 774 904 ἀμυντήριον,
807 817 931 899 ἑαυτοῖς
953 827 988 888 δὲ
1010 821 1068 890 ὅσα
1089 828 1143 888 κατ’

62 932 236 1008 στρατηγοῖς
255 921 382 986 ἔπειθον
406 922 549 985 τοιοῦτον
571 919 759 986 ἀκολουθεῖν
779 915 921 1007 στρατόν,
943 920 1057 1008 διόρσις
1076 926 1143 988 πεί.

60 1030 172 1099 θοντες.
216 1015 271 1088 κόν
292 1046 338 1096 τις
365 1020 453 1108 adrui
475 1014 684 1103 δπηγόρευσε,
713 1020 768 1085 κατ’
787 1024 925 1103 μάλιστά
947 1049 981 1107 γε
1004 1024 1093 1106 ἡμεῖς
1113 1019 1144 1088 οἱ

61 1122 97 1204 μὴ
121 1122 203 1186 πάνυ
226 1148 254 1186 τι
279 1118 427 1200 δεδιότες,
447 1119 490 1194 ὥς
512 1122 569 1182 ου’κ
592 1119 715 1202 α’γαθόν
735 1123 773 1206 τῇ
794 1121 882 1186 πόλει
903 1121 936 1187 τό
956 1119 1036 1188 σέτω
1058 1128 1145 1206 γενέ.

59 1228 148 1300 σθαι,
167 1222 234 1286 ἀλλ’
257 1224 397 1286 ἐνταῦθα
429 1217 485 1284 οὖν
504 1213 544 1300 ἦν
566 1221 702 1304 φορητὸς
723 1215 738 1284 δ
761 1221 853 1306 οἷνήρ,
875 1221 1069 1306 σχετλιάζων
1092 1220 1147 1287 καί

28 1323 297 1403 ιοδυσανασχετῶν
319 1322 349 1386 εἰ
360 1324 525 1406 μεμφθειή
547 1315 589 1395 οἷς
612 1318 762 1404 περιιδσόν
784 1327 952 1407 γενομένην
977 1317 1061 1386 οὕτω
1085 1320 1143 1406 τόν

59 1419 141 1484 πόλιν
162 1424 338 1502 κένανδρον.

137 1520 177 1584 Τό
204 1523 239 1612 δὲ
270 1520 309 1606 δὴ
342 1527 520 1605 κορυφαῖον
546 1523 580 1584 έν
603 1527 668 1594 τοῖς
695 1526 768 1584 καθ’
790 1520 873 1604 ἡμᾶς
895 1519 1016 1596 τούτοις
1038 1528 1143 1596 κακοῖς

58 1619 105 1684 καί
136 1622 155 1703 ἡ
185 1626 245 1686 τοῦ
280 1619 527 1704 α’ναγκαιοτοίτου
561 1617 676 1694 ὕδατος
709 1617 851 1701 ἔκλειψις
880 1614 929 1702 ἧν.
977 1617 1018 1694 ὥς
1038 1605 1143 1704 γόρῆ

58 1725 105 1801 τῆς
126 1721 327 1804 ἀκροπόλεως
351 1719 501 1802 δεξαμενὴ
534 1720 639 1801 α’ργιός
659 1723 694 1784 ἐκ
722 1725 848 1804 μακροῦ
871 1715 948 1804 εἶχε,
971 1721 1027 1784 καί
1047 1722 1144 1802 ἐχρῆν
1177 1724 1179 1728 ’

26 1823 282 1906 redieruntque
312 1818 412 1904 αὐτήν
442 1811 735 1904 έκθεραπεοθεῖσαν
766 1819 845 1884 ἔνθα
872 1820 976 1907 χρόνῳ
1008 1842 1143 1884 καταπι-

57 1917 169 2004 πόνητο,
192 1923 309 2002 ἐγένετο
344 1924 436 1984 τοῦτο
455 1917 545 2000 μόλις
564 1923 632 2000 μέν,
661 1920 728 1982 ἀλλ’
752 1913 818 1984 οὖν.
861 1926 918 1984 καί
936 1945 984 1995 τις
1005 1924 1068 1982 των
1087 1922 1143 2002 τῆς

56 2024 193 2101 στρατιᾶς
216 2021 274 2086 οδκ
296 2015 422 2105 δφανής
450 2023 561 2104 (Λέων
579 2014 618 2103 ἢν
642 2023 758 2094 ἐκεῖνος
780 2019 797 2082 o‘
820 2022 1001 2106 Μαζιδᾶς),
1027 2020 1143 2082 dnode-

57 2119 177 2198 ’ξάμενος
208 2120 242 2184 τό
274 2124 406 2204 πρᾶγμα
434 2118 489 2182 καῖ
520 2122 707 2202 ἐπαινέσας,
730 2120 925 2203 παρεκάλεσε
961 2119 1012 2183 τόν
1034 2118 1144 2184 Δαυλδ

55 2217 165 2304 ἡμέρας
187 2223 341 2304 τριβῆναί
358 2244 444 2294 τινας
465 2218 542 2299 μετό
559 2220 594 2284 τό
617 2219 718 2300 ἔργον,
741 2222 792 2283 ἵνα
812 2223 1009 2302 στεγανωθὲν
1027 2215 1063 2280 τό
1084 2216 1142 2298 οἶγ-

22 2328 128 2398 οογεῖον
157 2321 215 2407 ἔχῃ
245 2317 416 2404 φυλάττειν
442 2317 477 2383 τό
508 2325 676 2385 πιστευθὲν
703 2313 790 2402 ὕδωρ
821 2320 990 2405 ἀσφαλῶς,
1019 2314 1073 2382 διδ
1103 2313 1140 2378 τό

54 2422 128 2500 μηδὲ
152 2416 292 2503 όνόγκην
311 2422 387 2494 τέως
408 2420 632 2484 ἐπιτεθεῖσθαέ
652 2443 723 2483 τινα
749 2413 799 2484 οἷα
824 2423 887 2482 τῶν
908 2420 1064 2498 πολεμίων
1085 2411 1143 2479 οὔ·

55 2543 97 2580 σω
122 2522 325 2598 ἐπικειμένων
356 2519 435 2584 α’λλό
461 2524 650 2604 πορρωτέρω
680 2543 741 2582 που
767 2515 953 2584 διεστώτων.
995 2515 1051 2580 κατ’
1067 2508 1142 2600 ἦρε.

54 2641 101 2680 σιν
125 2619 140 2680 ὁ
164 2619 252 2701 λόγος
280 2623 322 2714 regi
353 2623 478 2702 Δαυΐδ,
508 2615 568 2684 ὅσα
589 2644 624 2702 γε
645 2617 746 2698 δόξαι.
790 2612 906 2700 ἄνεμος
929 2621 963 2682 δὲ
985 2613 1142 2703 α’φαριιιέ-

55 2874 211 2939 prnedirites
232 2875 316 2942 igitur
336 2877 374 2928 ita
394 2876 447 2928 sibi
465 2878 580 2929 sulutem
600 2878 776 2948 quaerebant,
794 2884 825 2928 ut
842 2876 993 2946 penderent
1014 2873 1141 2944 niiqncn-

54 2945 132 2996 tulum
154 2949 295 3015 pecuniae.
333 2948 473 3000 conductis
493 2951 565 3000 enim
584 2966 598 2998 ε
620 2949 710 3017 plebe,
729 2951 777 3019 qni
798 2950 909 3002 dextera
927 2955 956 2998 et
974 2944 1063 2996 vniidu
1081 2961 1141 2998 rne-

53 3032 84 3065 nn
104 3017 209 3068 vibrare
229 3017 340 3080 hostem,
361 3036 453 3070 saxum
473 3020 553 3088 longe
573 3021 671 3080 iacere,
691 3020 843 3070 machinam
864 3036 951 3086 agere,
969 3033 1080 3068 nervum
1097 3033 1140 3066 nr-

52 3101 92 3138 cns
112 3088 224 3140 tendere
243 3098 270 3142 et
290 3091 396 3141 mittere
416 3088 538 3158 s'ngittam
558 3099 678 3159 possent,
698 3109 730 3142 ex
749 3091 813 3144 urbe
833 3088 1009 3143 discedebant
1027 3102 1140 3154 eunrque

52 3160 188 3221 privabunt
222 3159 433 3222 defensoribus,
463 3161 654 3231 relinquebant
680 3161 852 3213 obedientem
887 3161 939 3212 sibi
968 3167 998 3208 ut
1025 3156 1139 3206 ducibus

51 3227 121 3280 istum
141 3229 256 3294 turbam,
276 3233 402 3300 praemiis
422 3242 611 3302 comparatam.
648 3241 730 3302 atque
749 3235 770 3284 si
791 3236 851 3302 quis
869 3233 947 3282 illum
964 3228 1139 3288 admoneret,

51 3299 120 3352 velut
140 3319 189 3354 nos
208 3304 330 3364 menime,
349 3321 456 3371 prorsus
478 3306 579 3374 quippe
598 3303 742 3373 intrepidi,
762 3303 834 3354 haud
855 3303 970 3354 sainture
991 3298 1052 3349 urbi
1070 3311 1138 3357 esse,

52 3371 119 3436 qood
140 3373 191 3424 ista
209 3376 246 3424 itn
268 3374 373 3436 fierent,
392 3384 448 3426 tum
467 3393 530 3426 vero
559 3375 639 3443 plane
666 3391 721 3427 non
742 3373 868 3425 ferendus
885 3373 966 3424 bomo
986 3377 1052 3430 erut,
1072 3385 1138 3418 con-

51 3457 160 3506 querens
180 3452 209 3496 et
229 3443 383 3512 indignans,
402 3446 558 3522 exprobrari
577 3446 640 3508 sibi,
659 3443 735 3516 quod
748 3445 840 3496 urbem
858 3445 921 3498 viris
940 3444 978 3495 ita
994 3437 1138 3492 vacuefieri

52 3519 193 3578 pateretur.
1027 3522 1030 3526 '

114 3584 251 3637 Summum
273 3594 361 3638 antem
381 3587 409 3638 in
428 3586 469 3639 his
499 3587 576 3639 malis
597 3603 692 3654 cquae,
713 3584 751 3636 rei
771 3585 885 3636 menime
903 3582 1023 3634 omnium
1041 3595 1137 3632 neces·

50 3656 258 3725 serine,inopia
287 3667 351 3710 erat.
388 3674 450 3709 nom
469 3676 553 3728 quum
581 3658 696 3708 cisterna
716 3657 782 3708 arcis
801 3653 847 3706 din
867 3655 995 3723 quiesset,
1013 3669 1043 3703 ac
1064 3651 1138 3702 refici

50 3731 74 3772 et
91 3728 211 3778 resarciri
230 3727 350 3791 deberet,
368 3729 417 3780 ubi
435 3738 570 3784 vetustate
587 3736 683 3780 veneta
703 3736 769 3789 erut,
790 3728 889 3778 fectum
910 3723 981 3776 illud
999 3731 1040 3776 est
1059 3737 1138 3790 aegre

50 3796 165 3862 quidem,
186 3798 234 3850 sed
254 3808 344 3852 tamen
370 3797 538 3854 factumest.
578 3799 625 3850 sed
645 3815 678 3850 en
698 3798 818 3850 exercitu
838 3794 948 3868 quidam
966 3791 1039 3846 hand
1058 3795 1139 3862 igno·

49 3861 108 3918 bilis
119 3869 187 3938 (Leo
198 3870 317 3923 Mazidss
328 3871 376 3924 itte
397 3871 472 3938 fuit),
491 3889 520 3923 re
541 3872 648 3939 cognita
662 3878 690 3922 et
708 3869 831 3938 probatu,
842 3865 972 3918 Davidem
984 3865 1138 3916 cohortatus

50 3945 92 3998 est,
114 3947 145 3992 nt
163 3941 242 3992 finito
260 3959 342 4012 opere
357 3942 414 3994 dies
435 3943 542 4014 aliquot
554 3941 791 4012 praetermitteret,
808 3938 965 4010 priusquam
984 3952 1080 4006 aquam
1095 3935 1139 3986 in·

50 4017 157 4072 gereret,
177 4028 230 4082 quo
243 4013 391 4064 instaurata
409 4015 524 4073 cisterna
544 4017 725 4079 incorruptam
746 4026 849 4062 serrare
867 4017 960 4080 posset
979 4023 1075 4077 nquam
1095 4023 1138 4056 re·

49 4085 164 4142 septam.
185 4085 311 4150 quonium
333 4084 408 4136 nulla
435 4085 499 4136 dnm
519 4085 664 4136 necessitas
684 4089 837 4150 premeret„
857 4079 935 4130 hoste
956 4076 1075 4130 nondum
1094 4078 1138 4126 in·

50 4151 139 4215 stante,
157 4151 205 4203 sed
225 4156 318 4222 procul
334 4155 453 4210 absente.
475 4156 578 4224 placuit
597 4171 628 4205 cc
640 4154 735 4222 ,oratio
747 4151 854 4215 Davisii,
871 4158 902 4202 nt
914 4148 1057 4202 ridebatur
1076 4147 1139 4218 qui·
