2814 4898
403 337 770 406 cnaoaoaasenm.
1065 343 1136 413 301

63 492 208 578 βασιλέως
223 485 329 576 Ἑλένῃ
351 491 391 576 τῇ
403 491 541 572 θυγατρὶ
553 489 737 573 Ῥωμανοῦ,
758 487 814 558 καὶ
832 495 872 580 τῇ
890 499 977 583 τρίτη
999 499 1058 562 τού
1078 494 1140 560 πά·-

63 619 121 676 σχο
142 591 179 677 τῇ
209 588 356 676 λεγομένῃ
382 592 437 670 τῆς
459 587 632 664 Γαλιλαίας
663 591 838 674 εὐλογεῖται
856 597 912 658 καί
929 599 1141 682 στεφανοῦται

63 688 126 774 ἅμα
146 689 226 775 αὐτῇ
246 683 334 770 παρά
354 685 515 754 Νικολάου
537 687 746 776 πατριάρχου,
765 687 928 774 Ῥοομανὸν
948 695 1143 774 βασιλευσά-

64 815 135 873 τορα
156 786 424 872 προβαλλόμενος·
479 780 544 850 ἄντ’
566 790 676 852 αὐτού
694 792 729 854 δὲ
749 788 974 878 Χριστοηιάρον
993 791 1064 859 υἱὸν
1083 796 1143 856 ου’·

45 883 338 971 οτούὲταιριάρχην
364 889 558 970 κατέστησεν.
609 895 677 968 μετ’
707 889 746 952 ού
765 888 844 954 πολύ
868 895 964 956 Λέων
985 893 1003 956 ὅ
1028 897 1142 969 Φωκάς
1167 905 1177 934 ’

62 987 135 1070 μετά
157 989 238 1052 λαού
267 987 415 1050 πλείστου
435 984 608 1072 α’πατηθείς
635 987 722 1070 παρά
742 1011 775 1054 τε
797 993 891 1055 τινοῖν
910 993 1072 1075 εἰργόντων
1090 992 1146 1058 καί

63 1093 119 1153 τύν
138 1089 237 1152 αύεού
266 1085 433 1169 ταγμάτων
462 1084 539 1168 πρὸς
560 1088 732 1170 α’νταρσιάν
761 1097 900 1176 κινεῖται,
922 1089 977 1155 κατ’
996 1092 1139 1157 ἀποστεί.

44 1195 113 1262 -λας
132 1184 305 1268 α’νελάβετο
325 1180 407 1250 εἶναι
428 1185 489 1249 σύν
510 1180 600 1275 αύτρῖ
618 1187 723 1252 τόντε
747 1186 1029 1274 παρακοιμύμενον
1050 1197 1171 1256 Κατ-Β

62 1295 227 1368 στανιῖνον,
250 1287 306 1351 καί
327 1289 564 1350 devorantur
594 1287 649 1351 ιιαί
674 1285 879 1354 Ἀναστάσιον
898 1288 973 1365 τούς
994 1292 1025 1356 Γ
1023 1294 1144 1374 ογγυλί-

30 1401 110 1463 ιθους
129 1387 185 1450 καί
205 1387 433 1471 αύταάελφούς,
454 1385 507 1449 καὶ
527 1389 767 1452 Κωνσταντῖνον
797 1389 968 1472 α’σηιιρῆτις
988 1388 1043 1454 τόν
1064 1395 1145 1456 Μα-

62 1491 167 1570 λελιάς,
188 1487 401 1570 πληροφοροῖν
430 1481 574 1560 ἅπαντας
603 1487 658 1549 καί
676 1487 815 1568 βεβαιοῦν
838 1486 881 1563 οὖς
902 1487 982 1572 turp
1004 1492 1061 1554 τού
1084 1493 1145 1570 βα.

61 1589 166 1662 οιλέως
188 1588 431 1656 Κωνστανεινου
451 1583 506 1668 τὴν
527 1585 678 1668 τοιαύτην
699 1593 833 1650 ποιεῖται
853 1585 1047 1670 σογιιύνησιν.
1068 1588 1145 1654 Ῥαι-

60 1683 154 1766 μανός
174 1687 211 1750 δὲ
234 1684 253 1749 ὅ
272 1679 514 1768 βασιλεοπάεοιρ
527 1683 764 1768 χρυσοβούλλια
776 1683 910 1769 ποιήσας
924 1688 1143 1772 ε’νυπόγραφα,

62 1781 99 1860 οἷς
120 1788 162 1850 ἐκ·
174 1781 347 1870 προσώπου
372 1786 430 1848 τού
455 1787 609 1865 βασιλέως
633 1786 896 1868 Κωνσταντίνου,
918 1782 976 1871 τήν
996 1785 1144 1871 τοιαύτης

29 1901 53 1954 15
61 1886 221 1968 ἐπιβουλῆς
242 1881 422 1968 άνατροπὴν
442 1885 633 1969 περιέχοντα,
656 1887 711 1948 καί
724 1883 768 1958 ὥς
790 1881 821 1948 οἱ
842 1882 1143 1950 euroaustrum.

59 1983 256 2064 λιμπάνοντες
274 1985 319 2070 τῷ
339 1987 471 2065 βασιλεῖ
486 1986 522 2048 δὲ
540 1981 791 2069 προσφεύγοντες
814 1985 895 2068 ύπὲρ
910 1987 969 2048 τού
988 1989 1144 2067 βασιλέως

58 2087 123 2165 εἰσί,
142 2082 221 2158 δούς
248 2081 330 2146 αύτά
352 2076 452 2170 'Aren
472 2084 536 2147 τινί
561 2083 689 2166 γυναικὶ
707 2083 835 2148 εἶναιδεῖ
849 2081 904 2148 καί
922 2083 1067 2171 θρασείᾳ,
1088 2087 1171 2155 eoric

57 2187 185 2272 τληρικιβ
218 2185 283 2248 τινί
304 2179 463 2266 Μιχαὴλ,
490 2184 525 2246 ἐν
553 2183 598 2269 τῷ
618 2183 703 2270 αὐτῷ
733 2183 934 2271 στρατοπέδῳ
958 2183 1140 2263 ἐξέπεμψεν.

58 2279 84 2347 οἱ
104 2285 138 2348 δὲ
158 2285 262 2348 rutra
282 2279 513 2364 άναλαβύμενοι
532 2279 672 2346 ἔστειλαν
691 2279 785 2345 uniri
804 2282 849 2367 τῷ
870 2282 1005 2368 στρατῷ.
1048 2283 1104 2344 καί
1124 2279 1142 2344 ὅ

26 2385 107 2462 topic
126 2380 269 2466 Μιχαὴλ
290 2383 475 2468 φωραθείς,
507 2377 594 2461 παρά
626 2383 682 2446 τού
705 2383 803 2445 &aad
834 2379 971 2463 α’νηλεῶς
997 2383 1141 2466 ταρβεῖς,

57 2480 104 2566 ιηίι
123 2507 158 2546 τε
188 2482 281 2568 ῥῖναι
300 2479 355 2544 καί
383 2479 424 2544 τά
454 2473 520 2544 airu
549 2479 733 2565 ἀπετμήθη·
776 2476 812 2555 ὃς
831 2477 913 2561 μετά
942 2479 1045 2548 ταῦτα
1077 2503 1140 2542 πα.

57 2580 90 2665 ρά
107 2581 273 2665 Ῥωμανού
288 2585 343 2665 τῆς
364 2579 581 2665 προσηκούσης
599 2576 711 2662 ἔτυχεν
735 2577 890 2663 ἀμοιβῆς·
913 2576 1066 2654 dandene
1085 2581 1141 2644 καὶ

57 2853 168 2909 Helenae
186 2857 299 2909 Romani
318 2856 391 2908 filiae
408 2863 561 2908 contractas
583 2855 712 2926 nuptialis
732 2855 811 2906 arrha
829 2853 1032 2907 aConstantiuo
1051 2855 1139 2924 impe·

57 2937 137 2979 satore
155 2928 281 2990 traditur,
300 2935 328 2979 et
347 2928 428 2980 tertia
444 2927 580 2998 parcitatis
597 2927 673 2988 feria,
695 2928 835 2978 Galilaeae
855 2925 937 2990 dicta,
952 2925 1138 2992 benedicitur3

58 3006 153 3049 etcum
176 3015 209 3050 ea
229 2998 397 3068 nuptialibus
415 2999 530 3049 corollis·
555 2997 695 3048 redimitur
714 3014 727 3048 e
747 2997 861 3048 Nicolso
880 2995 1039 3065 patriarcha,
1059 3005 1138 3047 tunc-

58 3085 103 3136 que
123 3072 257 3121 Romanus
282 3069 451 3137 imperatoris
474 3077 552 3138 pater
573 3069 734 3131 declaratur,
761 3076 788 3119 et
809 3069 919 3119 Rotnani
939 3069 997 3118 vice
1016 3068 1138 3118 Christo-

57 3138 148 3206 phorus
172 3143 231 3192 eius
259 3139 330 3190 iilius
357 3138 556 3191 hetaeriarehes
583 3137 743 3190 iultituitur.
791 3137 863 3188 haud
887 3138 973 3202 multu
1000 3146 1064 3205 post
1081 3138 1137 3188 Leo

57 3208 179 3262 Phocasa
203 3210 306 3282 populo
328 3210 471 3273 seductus,
499 3219 527 3262 et
551 3210 723 3262 anounullis
750 3225 890 3278 procerum
909 3217 937 3260 et
954 3209 1090 3274 legionum
1110 3209 1136 3257 el

57 3281 293 3332 commendatarum
313 3280 446 3332 militibus
462 3290 568 3342 motus,
587 3279 730 3332 tumultum
759 3281 893 3339 excitavit,
912 3281 1046 3348 missoque
1064 3295 1137 3328 nun-

56 3351 90 3399 tio
99 3353 304 3403 Constantinum
317 3351 507 3412 accubituum,
520 3351 779 3420 constantinumque
793 3351 907 3402 alterum
924 3357 952 3400 et
969 3351 1136 3400 Anastasinm

57 3418 156 3485 iratres,
175 3431 203 3474 et
223 3422 429 3474 Constantinum
451 3439 465 3472 a
485 3423 607 3481 secretis,
626 3421 753 3472 Maleliae
772 3421 865 3482 filium,
887 3420 938 3470 sibi
958 3421 1065 3481 ascivit,
1085 3419 1138 3470 hoc

56 3495 147 3543 cunctis
167 3493 308 3544 insinuans
332 3501 361 3543 et
378 3493 551 3562 persuadens,
568 3501 670 3543 motum
689 3509 794 3544 omnem
814 3509 862 3560 pro
881 3492 1049 3560 imperatoris
1063 3489 1137 3540 Con-

57 3565 157 3614 stantini
176 3563 310 3634 obsequio
338 3564 459 3614 excitari.
497 3565 631 3614 llomauus
661 3571 749 3614 autem
771 3563 939 3632 imperatoris
959 3560 1136 3631 paterbullis

58 3635 138 3684 aureis
157 3635 267 3686 tabulas
291 3635 430 3702 insignitae
451 3641 480 3686 et
501 3633 702 3701 subscriptione
729 3634 854 3697 firmatas,
872 3633 948 3684 velut
966 3632 1137 3700 imperatoris

55 3705 164 3767 nomine,
186 3707 291 3757 facinus
311 3703 468 3756 huiusmodi
489 3713 651 3756 attentatum
669 3721 834 3775 repressores
855 3702 955 3768 edidit3
974 3703 1072 3773 quibus
1090 3702 1137 3752 in-

56 3767 162 3826 bebatur
185 3784 216 3828 ut
234 3774 323 3828 Phoca
344 3774 467 3838 deserto,
487 3777 534 3846 qui
553 3775 586 3824 ad
617 3777 785 3844 imperatoris
805 3783 894 3843 partes
915 3776 1069 3834 transirent,
1088 3789 1136 3841 pro

56 3839 209 3911 imperatore
243 3854 313 3898 stare
341 3853 528 3897 censerentur:
558 3845 663 3896 easdem
687 3863 750 3896 vero
775 3847 868 3896 Annae
895 3843 1018 3907 cuidam,
1045 3844 1136 3913 impu-

57 3909 136 3967 dentis
155 3918 210 3968 orie
226 3925 254 3967 et
271 3915 428 3986 profligatae
443 3916 571 3968 castitatis
587 3916 703 3978 mulieri,
716 3916 867 3984 clericoque
881 3914 985 3966 cuidam
998 3912 1136 3977 Michaeli,

55 3989 83 4031 ut
100 4001 145 4050 per
162 3987 344 4039 adversarium
363 3989 509 4038 exercitum
527 3996 690 4056 spargerent,
711 3985 915 4036 curamendavit.
952 3985 994 4035 illi
1015 3992 1135 4052 receptas

56 4049 149 4105 litteras
169 4072 341 4124 peromnem
362 4060 508 4109 exercitum
537 4056 662 4108 distribui
682 4066 819 4108 curarunt:
841 4065 870 4106 et
887 4054 1004 4106 Michael
1024 4055 1135 4124 quidem
1225 4096 1231 4108 .

57 4119 81 4169 ia
98 4125 133 4173 rei
150 4135 239 4192 gestas
260 4128 437 4197 suspicionem
459 4129 581 4190 veniens,
600 4127 748 4178 crudeliter
767 4133 896 4196 exceptus
914 4141 930 4174 a
948 4126 1042 4187 Plroca,
1060 4127 1135 4176 nari-

55 4187 99 4244 bus
115 4204 142 4248 et
160 4197 271 4250 auribus
302 4200 431 4270 praecisis
454 4199 585 4252 multatus
612 4207 670 4262 est,
697 4198 744 4268 qui
769 4195 939 4267 postmodum
959 4211 1134 4264 congruama
