2814 4898
282 339 356 409 32⁰
607 341 751 410 utonis
779 341 1041 412 GRAMMATICI

221 512 403 596 litigatorius
431 509 473 595 τῇ
493 505 625 591 συνήθει
649 511 759 595 ’τροφῇ
770 557 779 590 ,
804 507 858 595 την
886 509 922 574 δὲ
953 506 1065 594 φνχὴν
1092 507 1288 578 νατενύσσετο
1304 519 1344 582 ναί

280 605 400 682 πολλάς
421 607 582 692 ζδανρύων
606 609 696 696 η’φίει
726 605 836 693 πηγάς.
879 611 936 674 ονίι
956 609 1113 676 ἐθεάσατό
1137 633 1212 676 ποτε
1231 615 1343 698 μοναχὸν

278 697 392 790 άρετὴς
412 707 639 789 άντεχύμενον,
659 697 684 796 ᾧ
703 711 769 774 τινί
794 705 853 784 τάς
874 704 997 772 ἑαυτοῦ
1016 707 1147 792 πράξεις
1168 709 1228 778 σύν
1245 720 1344 789 πολλοῖς

281 806 340 870 σύν
364 804 565 892 ἑξηγύρεσσεν
587 807 751 891 δάκρυσιν.
793 807 898 881 πάσας
911 804 970 882 τάς
990 811 1046 890 τῆς
1066 809 1189 885 πόλεως
1208 812 1343 896 ἐκκλησίας

278 909 409 980 πέπλοις
439 908 609 990 διαφανέσι
637 905 692 970 καί
730 908 952 992 φωταγωγίαις
991 911 1142 990 λαμπρῶς
1171 910 1363 990 κατεκόσμειό

280 1005 362 1072 α’λλά
383 1011 439 1072 κατ’
458 1015 524 1080 τοῖς
546 1007 580 1070 ἐν
600 998 687 1090 ὄρεσι
707 1013 861 1088 μσναχσῖς
880 1009 924 1091 τῷ
941 1029 977 1070 τε
993 1006 1141 1094 Ὀλύμπῳ
1162 1011 1218 1072 καί
1234 1014 1275 1098 τῷ
1293 1015 1343 1075 liv.

216 1113 268 1168 120
278 1111 362 1193 μηνᾷ
382 1109 436 1172 καί
454 1109 499 1193 τρῖ
519 1104 777 1190 τοῦΒαραχαίσσ
799 1098 867 1189 ὄρει
890 1107 930 1168 ου’
951 1107 1089 1171 διέλιπεν
1103 1105 1245 1192 ἐτησίους
1263 1108 1345 1194 ῥιγάς,

247 1202 318 1284 Βάς
337 1204 537 1274 διετύπωσαν.

367 1309 436 1370 Τῶν
464 1301 604 1390 ἀπείρων
637 1302 741 1370 attuit
773 1303 1027 1386 κατορθωμάτων
1061 1309 1118 1369 καί
1152 1305 1345 1390 ἐλεημοσυνῶν

277 1401 504 1488 διεξήλθομεν·
557 1407 673 1492 Πέτρῳ
701 1406 738 1469 δὲ
765 1406 810 1493 τῷ
834 1403 1012 1492 Βοολγάρφ
1036 1406 1166 1470 ἐπίθετο
1185 1406 1316 1491 Ἰωάννης
1331 1402 1376 1469 o‘lt

212 1515 262 1572 121
276 1501 418 1590 άδελφδς
437 1498 541 1567 orituri
557 1501 634 1583 μετά
655 1507 712 1569 καί
733 1499 850 1586 ἑτέρων
866 1500 1061 1588 Βααλγάρων
1075 1507 1134 1567 τού
1154 1503 1288 1584 Σομεύν.
1304 1509 1346 1569 καί

275 1607 490 1691 φωραθέντων
517 1597 623 1668 αάταῖν
655 1603 751 1684 δμὲν
768 1602 913 1688 Ἰωάννης
944 1602 1096 1667 τύπτεται
1125 1603 1181 1668 καί
1199 1607 1346 1685 ἐγκλείεται

274 1705 414 1789 φυλακῇ,
443 1703 471 1767 οἱ
493 1705 529 1768 δὲ
557 1705 662 1766 λοιποί
690 1705 859 1784 τιμωρίαις
878 1702 919 1766 ον’
944 1710 1014 1776 ταῖς
1033 1699 1205 1785 τυχούσαις
1225 1701 1346 1785 sinopidis

273 1808 392 1868 λονται.
434 1804 538 1866 ταύτα
563 1805 599 1866 δὲ
617 1805 698 1885 δῆλα
728 1800 914 1884 ποιησαντος
934 1803 1066 1883 Πέτρον
1086 1803 1131 1888 τῷ
1146 1805 1276 1883 βασιλεῖ
1283 1799 1346 1868 ‘Pu-

272 1904 373 1990 μανιχί,
404 1901 582 1966 ἀπέστειλεν
611 1898 801 1981 δβασιλεύς
830 1897 884 1964 τδν
906 1897 1049 1982 μοναχδν
1066 1898 1225 1986 Ἰωάννην,
1244 1897 1275 1978 tr
1293 1895 1376 1984 aab

272 1998 357 2086 γάνει
377 1997 533 2088 ῥαίνεωρ,
552 1998 710 2087 προφάσει
739 2003 799 2082 μὲν
825 1998 868 2074 ὥς
888 2001 1020 2082 ποιῆσαι
1040 1995 1188 2090 άλλάγιον
1206 2005 1265 2067 τῶν
1283 2027 1347 2087 κρο-

272 2103 435 2182 τοαμένων
454 2099 676 2184 αἰχμαλώτων,
698 2101 737 2187 τῇ
755 2101 791 2163 δὲ
811 2098 945 2186 άληθείφ
965 2091 1111 2182 Ἰωάννην
1124 2109 1288 2186 κατασχεῖν
1303 2103 1349 2167 καί

244 2203 309 2266 (λέν
328 2195 663 2266 Κωνσταντινονπάλει
688 2199 822 2283 άγαγεῖν.
865 2195 885 2260 δ
909 2196 949 2282 δὴ
971 2203 1028 2262 κατ’
1046 2201 1191 2283 γέγονεν·
1213 2201 1347 2268 εἰσελθών

272 2299 335 2386 γάρ
357 2295 427 2379 άμα
450 2302 493 2388 τῷ
511 2296 639 2386 Ἰωάννῃ
661 2299 695 2364 ἕν
715 2301 761 2385 τῷ
781 2298 878 2386 πλοίφ
900 2295 962 2362 σι’πό
976 2301 1195 2384 Μεσημβρίας
1213 2291 1303 2385 ἦλθεν
1321 2304 1349 2366 ἑν

271 2403 313 2488 τῇ
332 2398 432 2478 πόλει.
455 2390 523 2482 μετ’
547 2399 587 2462 ον’
610 2395 690 2462 πολύ
712 2395 825 2461 τούτου
847 2394 881 2461 τά
904 2394 1079 2480 μσναχικδν
1098 2401 1209 2481 σχῆμα
1232 2399 1375 2484 άπορρίιλλ

271 2515 395 2582 ψαντος
415 2501 470 2563 καί
490 2505 623 2582 γυναῖκα
647 2493 900 2580 ἐπιζητήσαντος,
921 2497 1055 2562 δέδωκεν
1067 2495 1155 2586 αύτῷ
1176 2498 1194 2562 δ
1215 2497 1348 2582 βασιλεύς
1398 2539 1399 2552 r

271 2592 356 2666 οἷκον
376 2599 433 2664 καί
463 2598 605 2684 κτήματα
628 2595 798 2678 πάμπολλα
826 2599 880 2661 ναί
896 2604 1030 2679 γυναῖκα
1050 2597 1086 2660 ἐκ
1103 2601 1162 2683 τῆς
1183 2601 1280 2666 αύτού
1298 2623 1348 2662 πα.

271 2933 369 2986 beatur
385 2929 477 2994 lectis,
497 2931 549 2983 boc
568 2931 627 3001 ipsa
645 2930 838 3000 exequebatur,
857 2928 909 2981 sibi
926 2929 1100 3002 convivisque
1118 2933 1254 2999 geminam
1273 2948 1344 3002 appo·

271 3021 340 3068 neus
359 3018 497 3066 mensam
521 3001 639 3072 dumque
668 3003 769 3054 usitato
786 3017 883 3070 corpus
903 3003 1070 3054 enutriretur
1089 3002 1171 3067 cibo,
1191 3023 1223 3058 co
1244 3006 1298 3057 ioso
1314 3005 1345 3053 la·

272 3077 414 3143 erimaruru
433 3073 509 3125 sonte
528 3075 613 3124 effuso
630 3073 745 3124 animam
765 3087 875 3193 quosplue
891 3088 951 3124 cum
966 3073 1127 3126 contritione
1141 3025 1278 3144 pascebat
1293 3075 1344 3126 nul-

272 3147 329 3198 lum
346 3160 463 3216 unquam
483 3143 642 3195 monachum
659 3143 767 3196 virtutis
785 3152 827 3194 stu
850 3143 933 3194 ionum
954 3143 1114 3207 observavit,
1132 3147 1177 3198 cui
1196 3165 1256 3200 cum
1272 3147 1343 3198 multo

271 3217 338 3269 fletu
358 3233 419 3268 suos
438 3232 494 3266 uon
511 3215 647 3284 aperuerit
665 3221 756 3264 actus:
781 3221 890 3265 cunctas
917 3212 991 3266 urbis
1010 3215 1135 3267 ecclesias
1152 3220 1344 3270 sumtuosisre·
1396 3259 1397 3264 ,

272 3289 359 3342 stibus
384 3286 574 3357 praeclaraque
597 3301 734 3338 cereorum
760 3291 788 3336 et
806 3283 958 3354 lampadum
984 3286 1061 3354 copia
1080 3291 1229 3341 exornavit.
1266 3287 1308 3342 sed
1325 3293 1345 3336 et

272 3357 408 3411 monachis
431 3358 459 3408 in
476 3356 614 3409 montibus
633 3356 748 3424 Olympo
771 3354 888 3420 Cymena
907 3364 936 3407 et
950 3355 1099 3408 Baracbaeo
1116 3358 1202 3410 sitam
1219 3359 1344 3429 agentibus

272 3447 363 3484 annua
381 3427 515 3498 stipendia
537 3443 606 3498 quae
624 3426 778 3478 decreverat
797 3427 905 3477 mittere
922 3443 978 3478 uon
997 3428 1169 3496 interposuit.

343 3502 431 3570 Atque
448 3499 488 3551 ita
509 3500 699 3562 immensorum
728 3497 784 3548 eius
813 3495 1008 3548 beneficiorum
1034 3506 1062 3548 et
1082 3498 1257 3552 liberalitatis
1275 3498 1345 3550 histo·

272 3571 339 3624 riam
355 3571 546 3641 pertexuimus.
592 3569 669 3622 Petro
690 3584 754 3620 vero
780 3565 894 3633 bulgaro
912 3567 1025 3636 parabat
1041 3567 1152 3621 insidias
1168 3572 1282 3624 Ioannes
1299 3571 1344 3621 eius

272 3642 356 3694 frater
373 3659 433 3693 cum
450 3640 572 3707 Bulgaris
590 3639 667 3706 aliis3
691 3654 806 3709 quorum
832 3638 952 3690 facinore
980 3640 1087 3706 cognito
1115 3641 1232 3694 loannes
1250 3639 1343 3712 quidem

166 3729 170 3746 ·
271 3712 428 3765 verberibus
456 3713 600 3777 castigatur
626 3719 655 3763 et
683 3725 788 3760 cernere
817 3707 983 3772 includitur,
1005 3710 1035 3760 in
1053 3710 1121 3761 alios
1139 3728 1203 3763 vero
1222 3711 1343 3764 inusitatis

272 3783 412 3853 suppliciis
432 3780 662 3834 animadvertitur.
698 3782 778 3832 Petro
798 3787 887 3830 nutem
904 3780 1059 3849 imperatori
1082 3783 1204 3834 Romano
1226 3782 1292 3835 haee
1308 3797 1344 3832 εα-

271 3853 334 3906 dem
351 3853 451 3905 litteris
476 3852 682 3915 manifestante,
708 3849 785 3902 misit
809 3850 955 3919 imperator
972 3852 1100 3903 loannem
1120 3852 1289 3916 monachum,
1308 3849 1344 3922 qui

272 3933 360 3976 rector
379 3924 521 3984 extiterat,
540 3929 683 3992 praetextu
708 3919 818 3992 quidem
845 3929 876 3971 ut
896 3921 1063 3988 captivorum
1087 3919 1259 3975 detentorum
1285 3939 1344 3975 coru·

272 3995 449 4046 mutationem
468 3993 585 4057 iaceret,
604 3991 652 4046 sed
675 4008 785 4054 revera,
812 3998 842 4043 ut
864 3992 992 4043 loannem
1010 3991 1244 4061 apprehenderet,
1263 4002 1289 4046 et
1306 3989 1344 4042 ad·
1394 4019 1395 4030 ι

273 4065 384 4116 duceret
404 4064 454 4116 ΟΡ.
474 4063 548 4134 φασδ
574 4072 602 4116 et
627 4064 726 4114 factum
751 4069 800 4114 est.
847 4078 901 4112 una
928 4063 1029 4134 quippe
1054 4079 1113 4114 cum
1141 4065 1244 4116 loanne
1268 4063 1343 4118 narin

273 4137 406 4202 ingressus
430 4133 591 4186 Mesembria
614 4133 721 4203 Cpolim
748 4134 891 4199 navigavit.
927 4149 984 4184 uon
1010 4133 1055 4184 diu
1083 4142 1147 4203 post
1174 4133 1269 4190 eodem
1297 4151 1344 4186 ruo·

219 4265 221 4272 ,
272 4206 404 4262 nauticum
422 4203 546 4260 habiturn
562 4203 716 4284 deponente
733 4211 761 4258 et
778 4219 889 4258 uxorem
905 4201 1002 4258 ducere
1022 4205 1194 4278 exquirente,
1213 4208 1344 4279 imperator
