<?xml version="1.0" encoding="UTF-8"?>
<!DOCTYPE html PUBLIC "-//W3C//DTD XHTML 1.0 Transitional//EN"
    "http://www.w3.org/TR/xhtml1/DTD/xhtml1-transitional.dtd">
<html xmlns="http://www.w3.org/1999/xhtml" xml:lang="en" lang="en">
 <head>
  <title>
</title>
<meta http-equiv="Content-Type" content="text/html;charset=utf-8" />
  <meta name='ocr-system' content='tesseract 3.04.00' />
  <meta name='ocr-capabilities' content='ocr_page ocr_carea ocr_par ocr_line ocrx_word'/>
</head>
<body>
  <div class='ocr_page' id='page_1' title='image "./chronographia01eustgoog_0332.png"; bbox 0 0 2814 4898; ppageno 0'>
   <div class='ocr_carea' id='block_1_1' title="bbox 403 311 1137 412">
    <p class='ocr_par' dir='ltr' id='par_1_1' title="bbox 403 311 1137 412">
     <span class='ocr_line' id='line_1_1' title="bbox 403 311 1137 412; baseline -0.004 -4"><span class='ocrx_word' id='word_1_1' title='bbox 403 311 785 412; x_wconf 68' lang='lat' dir='ltr'><strong>&#39;cuuouoouarmh</strong></span> <span class='ocrx_word' id='word_1_2' title='bbox 1064 335 1137 408; x_wconf 69' lang='grc' dir='ltr'><strong>ενι</strong></span> 
     </span>
    </p>
   </div>
   <div class='ocr_carea' id='block_1_2' title="bbox 32 491 1249 2671">
    <p class='ocr_par' dir='ltr' id='par_1_2' title="bbox 32 491 1249 2671">
     <span class='ocr_line' id='line_1_2' title="bbox 66 491 1141 584; baseline -0.008 -17"><span class='ocrx_word' id='word_1_3' title='bbox 66 503 146 584; x_wconf 82' lang='grc' dir='ltr'><strong><em>οτὲρο</em></strong></span> <span class='ocrx_word' id='word_1_4' title='bbox 178 492 417 582; x_wconf 79' lang='grc' dir='ltr'><strong><em>συμπεφυκότες</em></strong></span> <span class='ocrx_word' id='word_1_5' title='bbox 450 495 506 560; x_wconf 81' lang='grc' dir='ltr'><strong>καί</strong></span> <span class='ocrx_word' id='word_1_6' title='bbox 531 491 685 578; x_wconf 75' lang='grc' dir='ltr'><strong><em>ἀλλήλους</em></strong></span> <span class='ocrx_word' id='word_1_7' title='bbox 712 491 909 576; x_wconf 70' lang='grc' dir='ltr'><em>ὑπάρχοντες</em></span> <span class='ocrx_word' id='word_1_8' title='bbox 942 493 1141 584; x_wconf 78' lang='grc' dir='ltr'><strong><em>δνοιπρόσοο.</em></strong></span> 
     </span>
     <span class='ocr_line' id='line_1_3' title="bbox 65 593 1143 682; baseline -0.004 -16"><span class='ocrx_word' id='word_1_9' title='bbox 65 623 126 666; x_wconf 88' lang='grc' dir='ltr'><strong><em>ποι·</em></strong></span> <span class='ocrx_word' id='word_1_10' title='bbox 167 597 265 662; x_wconf 79' lang='grc' dir='ltr'><strong><em>οΐὲττί</em></strong></span> <span class='ocrx_word' id='word_1_11' title='bbox 284 601 428 660; x_wconf 81' lang='grc' dir='ltr'><strong><em>πλεδστον</em></strong></span> <span class='ocrx_word' id='word_1_12' title='bbox 444 598 486 682; x_wconf 79' lang='grc' dir='ltr'><strong>’τῇ</strong></span> <span class='ocrx_word' id='word_1_13' title='bbox 507 593 598 660; x_wconf 87' lang='grc' dir='ltr'><strong><em>πόλει</em></strong></span> <span class='ocrx_word' id='word_1_14' title='bbox 609 595 880 678; x_wconf 60' lang='grc' dir='ltr'><strong><em>ε’νδιατριλναντες,</em></strong></span> <span class='ocrx_word' id='word_1_15' title='bbox 904 598 962 659; x_wconf 81' lang='grc' dir='ltr'><strong>καί</strong></span> <span class='ocrx_word' id='word_1_16' title='bbox 977 593 1040 660; x_wconf 82' lang='lat' dir='ltr'><strong>sind</strong></span> <span class='ocrx_word' id='word_1_17' title='bbox 1063 595 1143 662; x_wconf 78' lang='grc' dir='ltr'><strong><em>πάν-</em></strong></span> 
     </span>
     <span class='ocr_line' id='line_1_4' title="bbox 66 690 1143 780; baseline -0.005 -17"><span class='ocrx_word' id='word_1_18' title='bbox 66 723 117 763; x_wconf 86' lang='grc' dir='ltr'><strong>των</strong></span> <span class='ocrx_word' id='word_1_19' title='bbox 147 695 187 772; x_wconf 71' lang='lat' dir='ltr'><strong>aie</strong></span> <span class='ocrx_word' id='word_1_20' title='bbox 207 695 346 773; x_wconf 79' lang='grc' dir='ltr'><strong><em>ἐξαίσιόν</em></strong></span> <span class='ocrx_word' id='word_1_21' title='bbox 374 718 405 758; x_wconf 92' lang='grc' dir='ltr'><strong><em>τι</em></strong></span> <span class='ocrx_word' id='word_1_22' title='bbox 425 697 520 780; x_wconf 79' lang='grc' dir='ltr'><strong><em>τέρας</em></strong></span> <span class='ocrx_word' id='word_1_23' title='bbox 541 690 705 775; x_wconf 75' lang='grc' dir='ltr'><strong><em>δρώμενον,</em></strong></span> <span class='ocrx_word' id='word_1_24' title='bbox 730 695 785 776; x_wconf 80' lang='grc' dir='ltr'><strong>τῆς</strong></span> <span class='ocrx_word' id='word_1_25' title='bbox 807 696 927 770; x_wconf 80' lang='grc' dir='ltr'><strong><em>πόλεως</em></strong></span> <span class='ocrx_word' id='word_1_26' title='bbox 945 695 988 772; x_wconf 82' lang='grc' dir='ltr'><strong>τδς</strong></span> <span class='ocrx_word' id='word_1_27' title='bbox 1008 697 1143 780; x_wconf 84' lang='grc' dir='ltr'><strong><em>πονηρός</em></strong></span> 
     </span>
     <span class='ocr_line' id='line_1_5' title="bbox 65 791 1145 878; baseline -0.003 -18"><span class='ocrx_word' id='word_1_28' title='bbox 65 820 105 871; x_wconf 84' lang='grc' dir='ltr'><strong><em>τις</em></strong></span> <span class='ocrx_word' id='word_1_29' title='bbox 129 791 232 870; x_wconf 82' lang='grc' dir='ltr'><strong><em>οἰωνὸς</em></strong></span> <span class='ocrx_word' id='word_1_30' title='bbox 252 791 461 878; x_wconf 66' lang='grc' dir='ltr'><strong><em>ἐξηλάθησαν.</em></strong></span> <span class='ocrx_word' id='word_1_31' title='bbox 502 793 557 858; x_wconf 73' lang='grc' dir='ltr'><strong>ἐπὶ</strong></span> <span class='ocrx_word' id='word_1_32' title='bbox 584 793 620 856; x_wconf 82' lang='grc' dir='ltr'><strong>δὲ</strong></span> <span class='ocrx_word' id='word_1_33' title='bbox 638 793 694 874; x_wconf 82' lang='grc' dir='ltr'><strong>τῆς</strong></span> <span class='ocrx_word' id='word_1_34' title='bbox 709 795 958 878; x_wconf 83' lang='grc' dir='ltr'><strong><em>μονοκρατορίας</em></strong></span> <span class='ocrx_word' id='word_1_35' title='bbox 980 796 1145 876; x_wconf 78' lang='grc' dir='ltr'><strong><em>βασιλείας</em></strong></span> 
     </span>
     <span class='ocr_line' id='line_1_6' title="bbox 47 887 1146 975; baseline -0.007 -11"><span class='ocrx_word' id='word_1_36' title='bbox 47 892 294 964; x_wconf 83' lang='grc' dir='ltr'><strong><em>5Κωνσταντίνου</em></strong></span> <span class='ocrx_word' id='word_1_37' title='bbox 323 891 418 958; x_wconf 79' lang='grc' dir='ltr'><strong><em>πάλιν</em></strong></span> <span class='ocrx_word' id='word_1_38' title='bbox 446 887 646 974; x_wconf 75' lang='grc' dir='ltr'><strong><em>εἰσήλθεσαν.</em></strong></span> <span class='ocrx_word' id='word_1_39' title='bbox 698 892 769 956; x_wconf 83' lang='grc' dir='ltr'><strong><em>ε’πεί</em></strong></span> <span class='ocrx_word' id='word_1_40' title='bbox 795 893 831 956; x_wconf 75' lang='grc' dir='ltr'><strong>δὲ</strong></span> <span class='ocrx_word' id='word_1_41' title='bbox 863 891 879 956; x_wconf 82' lang='grc' dir='ltr'>ὅ</span> <span class='ocrx_word' id='word_1_42' title='bbox 913 894 1020 975; x_wconf 73' lang='grc' dir='ltr'><strong><em>ἕτερος</em></strong></span> <span class='ocrx_word' id='word_1_43' title='bbox 1040 896 1146 958; x_wconf 79' lang='grc' dir='ltr'><strong><em>σιυίοδν</em></strong></span> 
     </span>
     <span class='ocr_line' id='line_1_7' title="bbox 64 987 1177 1079; baseline -0.003 -19"><span class='ocrx_word' id='word_1_44' title='bbox 64 999 234 1079; x_wconf 79' lang='grc' dir='ltr'><strong><em>ἐτὲδνηκεν,</em></strong></span> <span class='ocrx_word' id='word_1_45' title='bbox 262 993 371 1076; x_wconf 77' lang='grc' dir='ltr'><strong><em>ἰατροί</em></strong></span> <span class='ocrx_word' id='word_1_46' title='bbox 386 1015 466 1068; x_wconf 87' lang='grc' dir='ltr'><strong><em>τινες</em></strong></span> <span class='ocrx_word' id='word_1_47' title='bbox 491 987 635 1075; x_wconf 81' lang='grc' dir='ltr'><strong><em>ἔμπειροι</em></strong></span> <span class='ocrx_word' id='word_1_48' title='bbox 665 989 698 1056; x_wconf 81' lang='grc' dir='ltr'><strong>τὸ</strong></span> <span class='ocrx_word' id='word_1_49' title='bbox 731 997 1011 1076; x_wconf 77' lang='grc' dir='ltr'><strong><em>συγκεκολλημένον</em></strong></span> <span class='ocrx_word' id='word_1_50' title='bbox 1046 995 1177 1075; x_wconf 78' lang='grc' dir='ltr'><strong><em>μίροςλ)</em></strong></span> 
     </span>
     <span class='ocr_line' id='line_1_8' title="bbox 65 1089 1145 1178; baseline -0.002 -20"><span class='ocrx_word' id='word_1_51' title='bbox 65 1097 192 1176; x_wconf 76' lang='grc' dir='ltr'><strong>διέτεμον</strong></span> <span class='ocrx_word' id='word_1_52' title='bbox 212 1092 351 1178; x_wconf 66' lang='lat' dir='ltr'><strong>eripede,</strong></span> <span class='ocrx_word' id='word_1_53' title='bbox 375 1092 480 1156; x_wconf 77' lang='grc' dir='ltr'><strong><em>ἑλπίδι</em></strong></span> <span class='ocrx_word' id='word_1_54' title='bbox 499 1091 557 1156; x_wconf 79' lang='grc' dir='ltr'><strong>τοῦ</strong></span> <span class='ocrx_word' id='word_1_55' title='bbox 578 1090 634 1158; x_wconf 84' lang='grc' dir='ltr'><strong>τὸν</strong></span> <span class='ocrx_word' id='word_1_56' title='bbox 655 1093 759 1177; x_wconf 77' lang='grc' dir='ltr'><strong><em>ἕτερον</em></strong></span> <span class='ocrx_word' id='word_1_57' title='bbox 779 1089 962 1177; x_wconf 63' lang='grc' dir='ltr'><strong>ιζήσεσθαι·</strong></span> <span class='ocrx_word' id='word_1_58' title='bbox 1006 1091 1041 1168; x_wconf 60' lang='lat' dir='ltr'><strong>ta</strong></span> <span class='ocrx_word' id='word_1_59' title='bbox 1060 1101 1145 1176; x_wconf 79' lang='grc' dir='ltr'><strong><em>τρεῖς</em></strong></span> 
     </span>
     <span class='ocr_line' id='line_1_9' title="bbox 63 1189 566 1278; baseline -0.008 -20"><span class='ocrx_word' id='word_1_60' title='bbox 63 1190 170 1278; x_wconf 78' lang='grc' dir='ltr'><strong><em>ἡμέρας</em></strong></span> <span class='ocrx_word' id='word_1_61' title='bbox 190 1190 335 1276; x_wconf 75' lang='grc' dir='ltr'><strong><em>ἐπιβιοδς</em></strong></span> <span class='ocrx_word' id='word_1_62' title='bbox 354 1189 566 1275; x_wconf 77' lang='grc' dir='ltr'><strong><em>ἐτελεύτησεν.</em></strong></span> 
     </span>
     <span class='ocr_line' id='line_1_10' title="bbox 134 1285 1144 1377; baseline 0 -20"><span class='ocrx_word' id='word_1_63' title='bbox 134 1295 202 1358; x_wconf 85' lang='grc' dir='ltr'><strong>Καί</strong></span> <span class='ocrx_word' id='word_1_64' title='bbox 224 1295 258 1358; x_wconf 81' lang='grc' dir='ltr'><strong>ἐν</strong></span> <span class='ocrx_word' id='word_1_65' title='bbox 278 1295 356 1356; x_wconf 84' lang='grc' dir='ltr'><strong><em>πᾶσι</em></strong></span> <span class='ocrx_word' id='word_1_66' title='bbox 374 1294 442 1377; x_wconf 85' lang='grc' dir='ltr'><strong><em>με’ν,</em></strong></span> <span class='ocrx_word' id='word_1_67' title='bbox 464 1291 510 1364; x_wconf 70' lang='lat' dir='ltr'><strong>aia</strong></span> <span class='ocrx_word' id='word_1_68' title='bbox 531 1285 679 1372; x_wconf 80' lang='grc' dir='ltr'><strong><em>α’νωτέρω</em></strong></span> <span class='ocrx_word' id='word_1_69' title='bbox 708 1288 843 1375; x_wconf 81' lang='grc' dir='ltr'><strong><em>εἴρηται,</em></strong></span> <span class='ocrx_word' id='word_1_70' title='bbox 863 1300 1015 1376; x_wconf 86' lang='grc' dir='ltr'><strong><em>μοναχοῖς</em></strong></span> <span class='ocrx_word' id='word_1_71' title='bbox 1036 1291 1144 1358; x_wconf 85' lang='grc' dir='ltr'><strong><em>πίστιν</em></strong></span> 
     </span>
     <span class='ocr_line' id='line_1_11' title="bbox 34 1389 1146 1478; baseline -0.004 -20"><span class='ocrx_word' id='word_1_72' title='bbox 34 1393 190 1476; x_wconf 74' lang='grc' dir='ltr'><strong><em>λδέκέκτητο</em></strong></span> <span class='ocrx_word' id='word_1_73' title='bbox 226 1390 433 1478; x_wconf 77' lang='grc' dir='ltr'><strong><em>ὄβασιλεῦς,</em></strong></span> <span class='ocrx_word' id='word_1_74' title='bbox 468 1389 684 1477; x_wconf 80' lang='grc' dir='ltr'><strong>διαφερόντως</strong></span> <span class='ocrx_word' id='word_1_75' title='bbox 707 1393 743 1455; x_wconf 81' lang='grc' dir='ltr'><strong>δὲ</strong></span> <span class='ocrx_word' id='word_1_76' title='bbox 766 1394 859 1471; x_wconf 79' lang='grc' dir='ltr'><strong><em>ἐτίμα</em></strong></span> <span class='ocrx_word' id='word_1_77' title='bbox 881 1396 937 1455; x_wconf 79' lang='grc' dir='ltr'><strong>καί</strong></span> <span class='ocrx_word' id='word_1_78' title='bbox 957 1392 1146 1473; x_wconf 77' lang='grc' dir='ltr'><strong><em>δπερέσεβεν</em></strong></span> 
     </span>
     <span class='ocr_line' id='line_1_12' title="bbox 63 1489 1145 1578; baseline 0 -24"><span class='ocrx_word' id='word_1_79' title='bbox 63 1495 180 1574; x_wconf 73' lang='grc' dir='ltr'><strong><em>Σέρριον</em></strong></span> <span class='ocrx_word' id='word_1_80' title='bbox 209 1490 263 1558; x_wconf 85' lang='grc' dir='ltr'><strong>τὸν</strong></span> <span class='ocrx_word' id='word_1_81' title='bbox 284 1495 317 1556; x_wconf 81' lang='grc' dir='ltr'><strong>ἐν</strong></span> <span class='ocrx_word' id='word_1_82' title='bbox 345 1499 517 1573; x_wconf 82' lang='grc' dir='ltr'><strong><em>μοναοταῖς</em></strong></span> <span class='ocrx_word' id='word_1_83' title='bbox 534 1491 766 1572; x_wconf 80' lang='grc' dir='ltr'><strong><em>διαλάμποιτα,</em></strong></span> <span class='ocrx_word' id='word_1_84' title='bbox 789 1489 824 1566; x_wconf 66' lang='lat' dir='ltr'><strong>te</strong></span> <span class='ocrx_word' id='word_1_85' title='bbox 846 1490 985 1578; x_wconf 75' lang='grc' dir='ltr'><strong><em>ἀδελφὸς</em></strong></span> <span class='ocrx_word' id='word_1_86' title='bbox 1005 1494 1064 1572; x_wconf 84' lang='grc' dir='ltr'><strong>μὲν</strong></span> <span class='ocrx_word' id='word_1_87' title='bbox 1085 1491 1145 1554; x_wconf 74' lang='grc' dir='ltr'><strong>τοῦ</strong></span> 
     </span>
     <span class='ocr_line' id='line_1_13' title="bbox 62 1588 1149 1676; baseline 0.002 -24"><span class='ocrx_word' id='word_1_88' title='bbox 62 1592 225 1676; x_wconf 75' lang='grc' dir='ltr'><strong><em>μαρίστρου</em></strong></span> <span class='ocrx_word' id='word_1_89' title='bbox 246 1588 398 1676; x_wconf 76' lang='grc' dir='ltr'><strong><em>ἐπεφύκει</em></strong></span> <span class='ocrx_word' id='word_1_90' title='bbox 420 1594 549 1671; x_wconf 83' lang='grc' dir='ltr'><strong><em>Κοσμᾶ,</em></strong></span> <span class='ocrx_word' id='word_1_91' title='bbox 563 1589 697 1670; x_wconf 83' lang='grc' dir='ltr'><strong><em>α’νεψιός</em></strong></span> <span class='ocrx_word' id='word_1_92' title='bbox 717 1594 752 1658; x_wconf 84' lang='grc' dir='ltr'><strong>δὲ</strong></span> <span class='ocrx_word' id='word_1_93' title='bbox 773 1594 831 1656; x_wconf 81' lang='grc' dir='ltr'><strong>τοῦ</strong></span> <span class='ocrx_word' id='word_1_94' title='bbox 851 1592 1049 1676; x_wconf 79' lang='grc' dir='ltr'><strong><em>πατριάρχου</em></strong></span> <span class='ocrx_word' id='word_1_95' title='bbox 1072 1594 1149 1655; x_wconf 78' lang='lat' dir='ltr'><strong>ua-</strong></span> 
     </span>
     <span class='ocr_line' id='line_1_14' title="bbox 63 1686 1145 1776; baseline 0.003 -27"><span class='ocrx_word' id='word_1_96' title='bbox 63 1689 123 1759; x_wconf 80' lang='grc' dir='ltr'><strong><em>σίου</em></strong></span> <span class='ocrx_word' id='word_1_97' title='bbox 150 1693 340 1775; x_wconf 79' lang='grc' dir='ltr'><strong><em>ἐτύγχανεν·</em></strong></span> <span class='ocrx_word' id='word_1_98' title='bbox 390 1686 425 1756; x_wconf 76' lang='lat' dir='ltr'><strong>tv</strong></span> <span class='ocrx_word' id='word_1_99' title='bbox 457 1696 552 1758; x_wconf 78' lang='grc' dir='ltr'><strong><em>πλέον</em></strong></span> <span class='ocrx_word' id='word_1_100' title='bbox 572 1693 629 1776; x_wconf 81' lang='grc' dir='ltr'><strong>τῆς</strong></span> <span class='ocrx_word' id='word_1_101' title='bbox 659 1695 811 1775; x_wconf 82' lang='grc' dir='ltr'><strong><em>σαρκικῆς</em></strong></span> <span class='ocrx_word' id='word_1_102' title='bbox 831 1689 993 1774; x_wconf 76' lang='grc' dir='ltr'><strong><em>ου’γενείας</em></strong></span> <span class='ocrx_word' id='word_1_103' title='bbox 1022 1690 1041 1775; x_wconf 80' lang='grc' dir='ltr'><em>ἧ</em></span> <span class='ocrx_word' id='word_1_104' title='bbox 1066 1687 1145 1754; x_wconf 73' lang='grc' dir='ltr'><strong><em>κατὰ</em></strong></span> 
     </span>
     <span class='ocr_line' id='line_1_15' title="bbox 62 1789 1147 1874; baseline 0.002 -22"><span class='ocrx_word' id='word_1_105' title='bbox 62 1791 160 1872; x_wconf 70' lang='grc' dir='ltr'><strong><em>ψυχὴν</em></strong></span> <span class='ocrx_word' id='word_1_106' title='bbox 178 1791 273 1872; x_wconf 76' lang='grc' dir='ltr'><strong><em>ἐτίμα</em></strong></span> <span class='ocrx_word' id='word_1_107' title='bbox 295 1793 450 1873; x_wconf 72' lang='grc' dir='ltr'><strong><em>εὐγένεια.</em></strong></span> <span class='ocrx_word' id='word_1_108' title='bbox 493 1793 603 1856; x_wconf 79' lang='grc' dir='ltr'><strong><em>τοῦτον</em></strong></span> <span class='ocrx_word' id='word_1_109' title='bbox 629 1789 669 1874; x_wconf 75' lang='grc' dir='ltr'><strong>δὴ</strong></span> <span class='ocrx_word' id='word_1_110' title='bbox 692 1791 747 1856; x_wconf 83' lang='grc' dir='ltr'><strong>τὸν</strong></span> <span class='ocrx_word' id='word_1_111' title='bbox 768 1793 914 1872; x_wconf 75' lang='grc' dir='ltr'><strong><em>ἀοίδιμον</em></strong></span> <span class='ocrx_word' id='word_1_112' title='bbox 937 1793 1147 1864; x_wconf 76' lang='grc' dir='ltr'><strong><em>ἀδιαλείπτως</em></strong></span> 
     </span>
     <span class='ocr_line' id='line_1_16' title="bbox 33 1884 1148 1974; baseline 0 -22"><span class='ocrx_word' id='word_1_113' title='bbox 33 1885 256 1970; x_wconf 65' lang='grc' dir='ltr'><strong><em>15μειῬὲαυτοῦ</em></strong></span> <span class='ocrx_word' id='word_1_114' title='bbox 276 1886 361 1972; x_wconf 79' lang='grc' dir='ltr'><strong><em>εἶχεν</em></strong></span> <span class='ocrx_word' id='word_1_115' title='bbox 383 1889 400 1953; x_wconf 85' lang='grc' dir='ltr'><strong><em>δ</em></strong></span> <span class='ocrx_word' id='word_1_116' title='bbox 422 1889 584 1973; x_wconf 79' lang='grc' dir='ltr'><strong><em>βασιλεδς,</em></strong></span> <span class='ocrx_word' id='word_1_117' title='bbox 607 1889 723 1955; x_wconf 83' lang='grc' dir='ltr'><strong><em>κανίνα</em></strong></span> <span class='ocrx_word' id='word_1_118' title='bbox 743 1884 839 1968; x_wconf 77' lang='grc' dir='ltr'><strong><em>ὄντως</em></strong></span> <span class='ocrx_word' id='word_1_119' title='bbox 858 1895 914 1955; x_wconf 81' lang='grc' dir='ltr'><strong>καί</strong></span> <span class='ocrx_word' id='word_1_120' title='bbox 933 1889 1078 1974; x_wconf 73' lang='grc' dir='ltr'><strong><em>σταθμὴν</em></strong></span> <span class='ocrx_word' id='word_1_121' title='bbox 1092 1889 1148 1953; x_wconf 83' lang='grc' dir='ltr'><strong>τὸν</strong></span> 
     </span>
     <span class='ocr_line' id='line_1_17' title="bbox 62 1987 1153 2079; baseline 0.001 -27"><span class='ocrx_word' id='word_1_122' title='bbox 62 1991 151 2054; x_wconf 80' lang='lat' dir='ltr'><strong>adasai</strong></span> <span class='ocrx_word' id='word_1_123' title='bbox 180 1991 253 2072; x_wconf 82' lang='grc' dir='ltr'><strong><em>βίον</em></strong></span> <span class='ocrx_word' id='word_1_124' title='bbox 286 1989 340 2054; x_wconf 76' lang='grc' dir='ltr'><strong><em>οἴετ’</em></strong></span> <span class='ocrx_word' id='word_1_125' title='bbox 371 1989 586 2075; x_wconf 69' lang='grc' dir='ltr'><strong><em>ρὐθμιζοντα·</em></strong></span> <span class='ocrx_word' id='word_1_126' title='bbox 628 1987 663 2066; x_wconf 74' lang='lat' dir='ltr'><strong>ric</strong></span> <span class='ocrx_word' id='word_1_127' title='bbox 687 1987 786 2056; x_wconf 76' lang='grc' dir='ltr'><strong><em>πολλοὶ</em></strong></span> <span class='ocrx_word' id='word_1_128' title='bbox 810 1991 941 2078; x_wconf 77' lang='grc' dir='ltr'><strong><em>παρῄνει</em></strong></span> <span class='ocrx_word' id='word_1_129' title='bbox 961 1993 1006 2079; x_wconf 66' lang='grc' dir='ltr'><strong>τρῖ</strong></span> <span class='ocrx_word' id='word_1_130' title='bbox 1022 1995 1153 2072; x_wconf 83' lang='grc' dir='ltr'><strong><em>βασιλεῖ</em></strong></span> 
     </span>
     <span class='ocr_line' id='line_1_18' title="bbox 62 2091 1150 2174; baseline -0.001 -22"><span class='ocrx_word' id='word_1_131' title='bbox 62 2091 116 2152; x_wconf 74' lang='grc' dir='ltr'><strong><em>τοῖν</em></strong></span> <span class='ocrx_word' id='word_1_132' title='bbox 135 2093 259 2158; x_wconf 88' lang='grc' dir='ltr'><strong><em>παίδων</em></strong></span> <span class='ocrx_word' id='word_1_133' title='bbox 281 2091 504 2172; x_wconf 73' lang='grc' dir='ltr'><strong><em>ἐπιμελεῖσθαι</em></strong></span> <span class='ocrx_word' id='word_1_134' title='bbox 526 2093 583 2154; x_wconf 81' lang='grc' dir='ltr'><strong>καί</strong></span> <span class='ocrx_word' id='word_1_135' title='bbox 598 2093 643 2174; x_wconf 62' lang='grc' dir='ltr'><strong>μή</strong></span> <span class='ocrx_word' id='word_1_136' title='bbox 671 2092 886 2164; x_wconf 72' lang='grc' dir='ltr'><strong><em>ἀπαιδεύτους</em></strong></span> <span class='ocrx_word' id='word_1_137' title='bbox 906 2093 964 2154; x_wconf 79' lang='grc' dir='ltr'><strong>ἐᾶν</strong></span> <span class='ocrx_word' id='word_1_138' title='bbox 986 2093 1030 2166; x_wconf 85' lang='grc' dir='ltr'><strong>εἰς</strong></span> <span class='ocrx_word' id='word_1_139' title='bbox 1049 2113 1150 2174; x_wconf 79' lang='grc' dir='ltr'><strong><em>πονη-</em></strong></span> 
     </span>
     <span class='ocr_line' id='line_1_19' title="bbox 62 2185 1146 2274; baseline 0.004 -24"><span class='ocrx_word' id='word_1_140' title='bbox 62 2187 124 2268; x_wconf 84' lang='grc' dir='ltr'><strong><em>ρίαν</em></strong></span> <span class='ocrx_word' id='word_1_141' title='bbox 151 2187 368 2272; x_wconf 76' lang='grc' dir='ltr'><strong><em>ἐγκλίνοντας,</em></strong></span> <span class='ocrx_word' id='word_1_142' title='bbox 402 2189 539 2274; x_wconf 72' lang='grc' dir='ltr'><strong><em>μήποτε</em></strong></span> <span class='ocrx_word' id='word_1_143' title='bbox 566 2190 622 2254; x_wconf 78' lang='grc' dir='ltr'><strong>καί</strong></span> <span class='ocrx_word' id='word_1_144' title='bbox 650 2185 745 2264; x_wconf 71' lang='grc' dir='ltr'><strong><em>αὐτὸς</em></strong></span> <span class='ocrx_word' id='word_1_145' title='bbox 773 2191 875 2253; x_wconf 73' lang='grc' dir='ltr'><strong><em>πάθοι</em></strong></span> <span class='ocrx_word' id='word_1_146' title='bbox 904 2187 940 2253; x_wconf 81' lang='lat' dir='ltr'><strong>ad</strong></span> <span class='ocrx_word' id='word_1_147' title='bbox 972 2195 1027 2254; x_wconf 82' lang='grc' dir='ltr'><strong>τοῦ</strong></span> <span class='ocrx_word' id='word_1_148' title='bbox 1044 2189 1146 2254; x_wconf 85' lang='grc' dir='ltr'><strong><em>Ἠλεί.</em></strong></span> 
     </span>
     <span class='ocr_line' id='line_1_20' title="bbox 62 2285 1149 2376; baseline 0.002 -26"><span class='ocrx_word' id='word_1_149' title='bbox 62 2286 124 2350; x_wconf 85' lang='grc' dir='ltr'><strong>ε’πεί</strong></span> <span class='ocrx_word' id='word_1_150' title='bbox 142 2290 177 2353; x_wconf 82' lang='grc' dir='ltr'><strong>δὲ</strong></span> <span class='ocrx_word' id='word_1_151' title='bbox 198 2289 259 2351; x_wconf 72' lang='grc' dir='ltr'><strong>τοῦ</strong></span> <span class='ocrx_word' id='word_1_152' title='bbox 281 2287 437 2354; x_wconf 88' lang='grc' dir='ltr'><strong><em>παλατιόυ</em></strong></span> <span class='ocrx_word' id='word_1_153' title='bbox 459 2292 570 2354; x_wconf 79' lang='grc' dir='ltr'><strong><em>τοῦτον</em></strong></span> <span class='ocrx_word' id='word_1_154' title='bbox 591 2287 621 2354; x_wconf 79' lang='grc' dir='ltr'><strong>οἱ</strong></span> <span class='ocrx_word' id='word_1_155' title='bbox 640 2291 753 2366; x_wconf 79' lang='grc' dir='ltr'><strong><em>παῖδες</em></strong></span> <span class='ocrx_word' id='word_1_156' title='bbox 782 2285 960 2372; x_wconf 79' lang='grc' dir='ltr'><strong><em>πατήγαγον</em></strong></span> <span class='ocrx_word' id='word_1_157' title='bbox 978 2287 1035 2352; x_wconf 82' lang='grc' dir='ltr'><strong><em>καί</em></strong></span> <span class='ocrx_word' id='word_1_158' title='bbox 1054 2291 1089 2352; x_wconf 84' lang='grc' dir='ltr'><strong>ἒν</strong></span> <span class='ocrx_word' id='word_1_159' title='bbox 1109 2289 1149 2376; x_wconf 80' lang='grc' dir='ltr'><strong>τῇ</strong></span> 
     </span>
     <span class='ocr_line' id='line_1_21' title="bbox 32 2382 1249 2475; baseline 0.004 -27"><span class='ocrx_word' id='word_1_160' title='bbox 32 2385 176 2474; x_wconf 74' lang='grc' dir='ltr'><strong><em>λοΠριδτῃ</em></strong></span> <span class='ocrx_word' id='word_1_161' title='bbox 192 2386 278 2475; x_wconf 79' lang='grc' dir='ltr'><strong><em>νήσῳ</em></strong></span> <span class='ocrx_word' id='word_1_162' title='bbox 299 2387 462 2471; x_wconf 76' lang='grc' dir='ltr'><strong><em>ἐξώρισαν,</em></strong></span> <span class='ocrx_word' id='word_1_163' title='bbox 485 2389 580 2454; x_wconf 85' lang='grc' dir='ltr'><strong><em>πάλιν</em></strong></span> <span class='ocrx_word' id='word_1_164' title='bbox 592 2393 705 2453; x_wconf 80' lang='grc' dir='ltr'><strong><em>τοῦτον</em></strong></span> <span class='ocrx_word' id='word_1_165' title='bbox 725 2382 792 2470; x_wconf 79' lang='grc' dir='ltr'><strong><em>εἶχε</em></strong></span> <span class='ocrx_word' id='word_1_166' title='bbox 813 2392 877 2452; x_wconf 70' lang='grc' dir='ltr'><strong><em>τοῖν</em></strong></span> <span class='ocrx_word' id='word_1_167' title='bbox 898 2391 1074 2473; x_wconf 78' lang='grc' dir='ltr'><strong><em>συμφορῶν</em></strong></span> <span class='ocrx_word' id='word_1_168' title='bbox 1089 2407 1184 2458; x_wconf 79' lang='lat' dir='ltr'><strong>rra-P.</strong></span> <span class='ocrx_word' id='word_1_169' title='bbox 1196 2403 1249 2458; x_wconf 78' lang='lat'><strong>509</strong></span> 
     </span>
     <span class='ocr_line' id='line_1_22' title="bbox 63 2479 1152 2577; baseline 0.004 -29"><span class='ocrx_word' id='word_1_170' title='bbox 63 2482 217 2567; x_wconf 76' lang='grc' dir='ltr'><strong><em>ραμδθιον</em></strong></span> <span class='ocrx_word' id='word_1_171' title='bbox 244 2489 300 2552; x_wconf 74' lang='grc' dir='ltr'><strong><em>κατ’</em></strong></span> <span class='ocrx_word' id='word_1_172' title='bbox 325 2491 387 2554; x_wconf 78' lang='grc' dir='ltr'><strong>τῶν</strong></span> <span class='ocrx_word' id='word_1_173' title='bbox 407 2492 552 2570; x_wconf 74' lang='grc' dir='ltr'><strong><em>θλίψεων</em></strong></span> <span class='ocrx_word' id='word_1_174' title='bbox 578 2486 778 2554; x_wconf 86' lang='grc' dir='ltr'><strong><em>α’κεσιδδυνον</em></strong></span> <span class='ocrx_word' id='word_1_175' title='bbox 807 2485 985 2573; x_wconf 80' lang='grc' dir='ltr'><strong><em>φάρμακον.</em></strong></span> <span class='ocrx_word' id='word_1_176' title='bbox 1008 2479 1152 2577; x_wconf 61' lang='lat' dir='ltr'><strong>donaria</strong></span> 
     </span>
     <span class='ocr_line' id='line_1_23' title="bbox 63 2581 1149 2671; baseline 0.006 -25"><span class='ocrx_word' id='word_1_177' title='bbox 63 2581 122 2649; x_wconf 85' lang='grc' dir='ltr'><strong><em>τότε</em></strong></span> <span class='ocrx_word' id='word_1_178' title='bbox 141 2589 196 2652; x_wconf 82' lang='grc' dir='ltr'><strong><em>καί</em></strong></span> <span class='ocrx_word' id='word_1_179' title='bbox 217 2585 423 2666; x_wconf 75' lang='grc' dir='ltr'><strong><em>Πολύευκτος</em></strong></span> <span class='ocrx_word' id='word_1_180' title='bbox 451 2585 592 2671; x_wconf 79' lang='grc' dir='ltr'><strong><em>μοναχδς</em></strong></span> <span class='ocrx_word' id='word_1_181' title='bbox 615 2584 869 2670; x_wconf 79' lang='grc' dir='ltr'><strong><em>εδλαβὲστατος,</em></strong></span> <span class='ocrx_word' id='word_1_182' title='bbox 897 2587 953 2652; x_wconf 76' lang='grc' dir='ltr'><strong>κατ’</strong></span> <span class='ocrx_word' id='word_1_183' title='bbox 982 2586 1082 2664; x_wconf 83' lang='grc' dir='ltr'><strong><em>ου’τὸς</em></strong></span> <span class='ocrx_word' id='word_1_184' title='bbox 1109 2587 1149 2653; x_wconf 82' lang='grc' dir='ltr'><strong>τοὶ</strong></span> 
     </span>
    </p>
   </div>
   <div class='ocr_carea' id='block_1_3' title="bbox 65 2855 1152 3212">
    <p class='ocr_par' dir='ltr' id='par_1_3' title="bbox 65 2855 1152 3212">
     <span class='ocr_line' id='line_1_24' title="bbox 66 2855 1150 2931; baseline 0.003 -26"><span class='ocrx_word' id='word_1_185' title='bbox 66 2871 112 2925; x_wconf 90' lang='lat' dir='ltr'><strong>que</strong></span> <span class='ocrx_word' id='word_1_186' title='bbox 129 2857 200 2910; x_wconf 89' lang='lat' dir='ltr'><strong>inter</strong></span> <span class='ocrx_word' id='word_1_187' title='bbox 222 2875 250 2911; x_wconf 88' lang='lat' dir='ltr'><strong>se</strong></span> <span class='ocrx_word' id='word_1_188' title='bbox 268 2859 389 2911; x_wconf 80' lang='lat' dir='ltr'><strong>vultibus</strong></span> <span class='ocrx_word' id='word_1_189' title='bbox 407 2861 576 2926; x_wconf 74' lang='lat' dir='ltr'><strong>visebantur5</strong></span> <span class='ocrx_word' id='word_1_190' title='bbox 603 2857 728 2931; x_wconf 90' lang='lat' dir='ltr'><strong>quicum</strong></span> <span class='ocrx_word' id='word_1_191' title='bbox 755 2857 801 2909; x_wconf 84' lang='lat' dir='ltr'><strong>sliu</strong></span> <span class='ocrx_word' id='word_1_192' title='bbox 821 2858 849 2908; x_wconf 91' lang='lat' dir='ltr'><strong>in</strong></span> <span class='ocrx_word' id='word_1_193' title='bbox 875 2856 941 2909; x_wconf 90' lang='lat' dir='ltr'><strong>urbe</strong></span> <span class='ocrx_word' id='word_1_194' title='bbox 961 2858 1056 2908; x_wconf 87' lang='lat' dir='ltr'><strong>morati</strong></span> <span class='ocrx_word' id='word_1_195' title='bbox 1080 2855 1150 2908; x_wconf 82' lang='lat' dir='ltr'><strong>suis·</strong></span> 
     </span>
     <span class='ocr_line' id='line_1_25' title="bbox 65 2929 1150 3002; baseline 0.005 -28"><span class='ocrx_word' id='word_1_196' title='bbox 65 2935 128 2988; x_wconf 89' lang='lat' dir='ltr'><strong>sent,</strong></span> <span class='ocrx_word' id='word_1_197' title='bbox 145 2930 226 2982; x_wconf 83' lang='lat' dir='ltr'><strong>velut</strong></span> <span class='ocrx_word' id='word_1_198' title='bbox 243 2930 391 2982; x_wconf 79' lang='lat' dir='ltr'><strong>infaustum</strong></span> <span class='ocrx_word' id='word_1_199' title='bbox 412 2941 570 3002; x_wconf 75' lang='lat' dir='ltr'><strong>portentum</strong></span> <span class='ocrx_word' id='word_1_200' title='bbox 589 2939 618 2982; x_wconf 84' lang='lat' dir='ltr'><strong>et</strong></span> <span class='ocrx_word' id='word_1_201' title='bbox 638 2932 767 2981; x_wconf 89' lang='lat' dir='ltr'><strong>infestum</strong></span> <span class='ocrx_word' id='word_1_202' title='bbox 792 2945 872 2980; x_wconf 86' lang='lat' dir='ltr'><strong>omen</strong></span> <span class='ocrx_word' id='word_1_203' title='bbox 893 2929 990 2990; x_wconf 90' lang='lat' dir='ltr'><strong>habiti,</strong></span> <span class='ocrx_word' id='word_1_204' title='bbox 1007 2929 1073 2979; x_wconf 91' lang='lat' dir='ltr'><strong>urbe</strong></span> <span class='ocrx_word' id='word_1_205' title='bbox 1091 2930 1150 2979; x_wconf 86' lang='lat' dir='ltr'><strong>eie-</strong></span> 
     </span>
     <span class='ocr_line' id='line_1_26' title="bbox 66 2998 1152 3070; baseline 0.005 -25"><span class='ocrx_word' id='word_1_206' title='bbox 66 2998 98 3046; x_wconf 86' lang='lat' dir='ltr'><strong>cti</strong></span> <span class='ocrx_word' id='word_1_207' title='bbox 115 3009 185 3051; x_wconf 85' lang='lat' dir='ltr'><strong>sunt.</strong></span> <span class='ocrx_word' id='word_1_208' title='bbox 224 3000 403 3054; x_wconf 82' lang='lat' dir='ltr'><strong>Constantino</strong></span> <span class='ocrx_word' id='word_1_209' title='bbox 428 3019 491 3054; x_wconf 84' lang='lat' dir='ltr'><strong>vero</strong></span> <span class='ocrx_word' id='word_1_210' title='bbox 509 3003 569 3055; x_wconf 85' lang='lat' dir='ltr'><strong>solo</strong></span> <span class='ocrx_word' id='word_1_211' title='bbox 588 3003 738 3070; x_wconf 80' lang='lat' dir='ltr'><strong>imperante</strong></span> <span class='ocrx_word' id='word_1_212' title='bbox 764 3017 868 3051; x_wconf 90' lang='lat' dir='ltr'><strong>rursum</strong></span> <span class='ocrx_word' id='word_1_213' title='bbox 884 3001 996 3066; x_wconf 81' lang='lat' dir='ltr'><strong>ingressi</strong></span> <span class='ocrx_word' id='word_1_214' title='bbox 1014 3007 1084 3051; x_wconf 89' lang='lat' dir='ltr'><strong>sunt.</strong></span> <span class='ocrx_word' id='word_1_215' title='bbox 1119 3005 1152 3050; x_wconf 85' lang='lat' dir='ltr'><strong>ut</strong></span> 
     </span>
     <span class='ocr_line' id='line_1_27' title="bbox 65 3069 1151 3142; baseline 0.003 -25"><span class='ocrx_word' id='word_1_216' title='bbox 65 3077 149 3120; x_wconf 87' lang='lat' dir='ltr'><strong>autem</strong></span> <span class='ocrx_word' id='word_1_217' title='bbox 167 3087 263 3123; x_wconf 88' lang='lat' dir='ltr'><strong>eorum</strong></span> <span class='ocrx_word' id='word_1_218' title='bbox 280 3075 348 3124; x_wconf 85' lang='lat' dir='ltr'><strong>alter</strong></span> <span class='ocrx_word' id='word_1_219' title='bbox 365 3081 487 3125; x_wconf 86' lang='lat' dir='ltr'><strong>mortuus</strong></span> <span class='ocrx_word' id='word_1_220' title='bbox 507 3081 568 3136; x_wconf 87' lang='lat' dir='ltr'><strong>est,</strong></span> <span class='ocrx_word' id='word_1_221' title='bbox 586 3072 684 3124; x_wconf 83' lang='lat' dir='ltr'><strong>medici</strong></span> <span class='ocrx_word' id='word_1_222' title='bbox 711 3070 821 3142; x_wconf 86' lang='lat' dir='ltr'><strong>quidam</strong></span> <span class='ocrx_word' id='word_1_223' title='bbox 840 3072 995 3140; x_wconf 70' lang='lat' dir='ltr'><strong>peritissimi</strong></span> <span class='ocrx_word' id='word_1_224' title='bbox 1020 3069 1151 3122; x_wconf 82' lang='lat' dir='ltr'><strong>cohaere·</strong></span> 
     </span>
     <span class='ocr_line' id='line_1_28' title="bbox 65 3145 1151 3212; baseline 0.002 -24"><span class='ocrx_word' id='word_1_225' title='bbox 65 3149 177 3192; x_wconf 79' lang='lat' dir='ltr'><strong>secatam</strong></span> <span class='ocrx_word' id='word_1_226' title='bbox 196 3151 319 3212; x_wconf 86' lang='lat' dir='ltr'><strong>partem,</strong></span> <span class='ocrx_word' id='word_1_227' title='bbox 337 3145 449 3196; x_wconf 86' lang='lat' dir='ltr'><strong>alteram</strong></span> <span class='ocrx_word' id='word_1_228' title='bbox 462 3147 626 3196; x_wconf 85' lang='lat' dir='ltr'><strong>incolumem</strong></span> <span class='ocrx_word' id='word_1_229' title='bbox 647 3145 790 3212; x_wconf 77' lang='lat' dir='ltr'><strong>vivamque</strong></span> <span class='ocrx_word' id='word_1_230' title='bbox 812 3149 962 3194; x_wconf 86' lang='lat' dir='ltr'><strong>servaturos</strong></span> <span class='ocrx_word' id='word_1_231' title='bbox 981 3157 1009 3192; x_wconf 90' lang='lat' dir='ltr'><strong>se</strong></span> <span class='ocrx_word' id='word_1_232' title='bbox 1026 3147 1151 3210; x_wconf 86' lang='lat' dir='ltr'><strong>praesto-</strong></span> 
     </span>
    </p>
   </div>
   <div class='ocr_carea' id='block_1_4' title="bbox 64 3209 1152 3334">
    <p class='ocr_par' dir='ltr' id='par_1_4' title="bbox 64 3209 1152 3334">
     <span class='ocr_line' id='line_1_29' title="bbox 64 3209 1152 3329; baseline 0.003 -71"><span class='ocrx_word' id='word_1_233' title='bbox 64 3209 118 3329; x_wconf 52' lang='grc' dir='ltr'><strong><em>ξολλ,</em></strong></span> <span class='ocrx_word' id='word_1_234' title='bbox 139 3213 257 3265; x_wconf 88' lang='lat' dir='ltr'><strong>solerter</strong></span> <span class='ocrx_word' id='word_1_235' title='bbox 283 3214 456 3283; x_wconf 81' lang='lat' dir='ltr'><strong>excideruut3</strong></span> <span class='ocrx_word' id='word_1_236' title='bbox 481 3217 590 3288; x_wconf 90' lang='lat' dir='ltr'><strong>puellus</strong></span> <span class='ocrx_word' id='word_1_237' title='bbox 614 3215 666 3266; x_wconf 87' lang='lat' dir='ltr'><strong>iste</strong></span> <span class='ocrx_word' id='word_1_238' title='bbox 691 3213 787 3266; x_wconf 86' lang='lat' dir='ltr'><strong>diebus</strong></span> <span class='ocrx_word' id='word_1_239' title='bbox 811 3215 898 3264; x_wconf 90' lang='lat' dir='ltr'><strong>tribus</strong></span> <span class='ocrx_word' id='word_1_240' title='bbox 927 3219 1062 3282; x_wconf 83' lang='lat' dir='ltr'><strong>superstes</strong></span> <span class='ocrx_word' id='word_1_241' title='bbox 1079 3226 1152 3262; x_wconf 88' lang='lat' dir='ltr'><strong>mor-</strong></span> 
     </span>
     <span class='ocr_line' id='line_1_30' title="bbox 76 3291 189 3334; baseline 0.035 -4"><span class='ocrx_word' id='word_1_242' title='bbox 76 3297 121 3332; x_wconf 87' lang='lat' dir='ltr'><strong>uus</strong></span> <span class='ocrx_word' id='word_1_243' title='bbox 139 3291 189 3334; x_wconf 89' lang='lat' dir='ltr'><strong>est.</strong></span> 
     </span>
    </p>
   </div>
   <div class='ocr_carea' id='block_1_5' title="bbox 64 3365 1159 4288">
    <p class='ocr_par' dir='ltr' id='par_1_5' title="bbox 64 3365 1159 4288">
     <span class='ocr_line' id='line_1_31' title="bbox 140 3365 1153 3444; baseline -0.004 -23"><span class='ocrx_word' id='word_1_244' title='bbox 140 3371 174 3422; x_wconf 89' lang='lat' dir='ltr'><strong>Et</strong></span> <span class='ocrx_word' id='word_1_245' title='bbox 205 3372 234 3422; x_wconf 90' lang='lat' dir='ltr'><strong>in</strong></span> <span class='ocrx_word' id='word_1_246' title='bbox 265 3371 390 3424; x_wconf 83' lang='lat' dir='ltr'><strong>omnibus</strong></span> <span class='ocrx_word' id='word_1_247' title='bbox 417 3371 548 3444; x_wconf 89' lang='lat' dir='ltr'><strong>quidem,</strong></span> <span class='ocrx_word' id='word_1_248' title='bbox 572 3379 603 3425; x_wconf 90' lang='lat' dir='ltr'><strong>ut</strong></span> <span class='ocrx_word' id='word_1_249' title='bbox 630 3377 783 3426; x_wconf 86' lang='lat' dir='ltr'><strong>enarratum</strong></span> <span class='ocrx_word' id='word_1_250' title='bbox 801 3387 891 3442; x_wconf 87' lang='lat' dir='ltr'><strong>supra,</strong></span> <span class='ocrx_word' id='word_1_251' title='bbox 911 3368 1048 3421; x_wconf 80' lang='lat' dir='ltr'><strong>monachis</strong></span> <span class='ocrx_word' id='word_1_252' title='bbox 1071 3365 1153 3418; x_wconf 84' lang='lat' dir='ltr'><strong>fidem</strong></span> 
     </span>
     <span class='ocr_line' id='line_1_32' title="bbox 64 3436 1149 3516; baseline -0.003 -26"><span class='ocrx_word' id='word_1_253' title='bbox 64 3436 177 3494; x_wconf 85' lang='lat' dir='ltr'><strong>habebat</strong></span> <span class='ocrx_word' id='word_1_254' title='bbox 213 3444 371 3512; x_wconf 86' lang='lat' dir='ltr'><strong>imperator:</strong></span> <span class='ocrx_word' id='word_1_255' title='bbox 401 3445 526 3516; x_wconf 87' lang='lat' dir='ltr'><strong>privatim</strong></span> <span class='ocrx_word' id='word_1_256' title='bbox 554 3461 619 3496; x_wconf 86' lang='lat' dir='ltr'><strong>vero</strong></span> <span class='ocrx_word' id='word_1_257' title='bbox 646 3459 712 3514; x_wconf 87' lang='lat' dir='ltr'><strong>prae</strong></span> <span class='ocrx_word' id='word_1_258' title='bbox 752 3443 877 3494; x_wconf 84' lang='lat' dir='ltr'><strong>omnihus</strong></span> <span class='ocrx_word' id='word_1_259' title='bbox 898 3441 1018 3509; x_wconf 81' lang='lat' dir='ltr'><strong>Sergium</strong></span> <span class='ocrx_word' id='word_1_260' title='bbox 1053 3455 1149 3490; x_wconf 86' lang='lat' dir='ltr'><strong>mona-</strong></span> 
     </span>
     <span class='ocr_line' id='line_1_33' title="bbox 65 3509 1154 3586; baseline 0 -28"><span class='ocrx_word' id='word_1_261' title='bbox 65 3511 131 3564; x_wconf 84' lang='lat' dir='ltr'><strong>sticis</strong></span> <span class='ocrx_word' id='word_1_262' title='bbox 158 3513 280 3566; x_wconf 89' lang='lat' dir='ltr'><strong>moribus</strong></span> <span class='ocrx_word' id='word_1_263' title='bbox 308 3522 491 3586; x_wconf 76' lang='lat' dir='ltr'><strong>praestantem</strong></span> <span class='ocrx_word' id='word_1_264' title='bbox 526 3515 634 3568; x_wconf 85' lang='lat' dir='ltr'><strong>colebat</strong></span> <span class='ocrx_word' id='word_1_265' title='bbox 666 3523 694 3566; x_wconf 87' lang='lat' dir='ltr'><strong>et</strong></span> <span class='ocrx_word' id='word_1_266' title='bbox 723 3515 911 3565; x_wconf 81' lang='lat' dir='ltr'><strong>venerabatur.</strong></span> <span class='ocrx_word' id='word_1_267' title='bbox 963 3511 1008 3562; x_wconf 86' lang='lat' dir='ltr'><strong>hic</strong></span> <span class='ocrx_word' id='word_1_268' title='bbox 1034 3509 1154 3578; x_wconf 80' lang='lat' dir='ltr'><strong>magistri</strong></span> 
     </span>
     <span class='ocr_line' id='line_1_34' title="bbox 66 3579 1154 3656; baseline -0.001 -26"><span class='ocrx_word' id='word_1_269' title='bbox 66 3580 172 3635; x_wconf 84' lang='lat' dir='ltr'><strong>Cosmae</strong></span> <span class='ocrx_word' id='word_1_270' title='bbox 203 3585 303 3648; x_wconf 83' lang='lat' dir='ltr'><strong>frater,</strong></span> <span class='ocrx_word' id='word_1_271' title='bbox 332 3601 418 3656; x_wconf 88' lang='lat' dir='ltr'><strong>nepos</strong></span> <span class='ocrx_word' id='word_1_272' title='bbox 448 3603 512 3637; x_wconf 84' lang='lat' dir='ltr'><strong>vero</strong></span> <span class='ocrx_word' id='word_1_273' title='bbox 544 3585 632 3638; x_wconf 90' lang='lat' dir='ltr'><strong>Photii</strong></span> <span class='ocrx_word' id='word_1_274' title='bbox 661 3585 829 3655; x_wconf 81' lang='lat' dir='ltr'><strong>patriarchae</strong></span> <span class='ocrx_word' id='word_1_275' title='bbox 858 3585 958 3645; x_wconf 78' lang='lat' dir='ltr'><strong>fuerat3</strong></span> <span class='ocrx_word' id='word_1_276' title='bbox 986 3597 1066 3652; x_wconf 87' lang='lat' dir='ltr'><strong>quern</strong></span> <span class='ocrx_word' id='word_1_277' title='bbox 1094 3579 1154 3630; x_wconf 90' lang='lat' dir='ltr'><strong>ani-</strong></span> 
     </span>
     <span class='ocr_line' id='line_1_35' title="bbox 64 3651 1154 3726; baseline -0.002 -25"><span class='ocrx_word' id='word_1_278' title='bbox 64 3668 118 3704; x_wconf 88' lang='lat' dir='ltr'><strong>mae</strong></span> <span class='ocrx_word' id='word_1_279' title='bbox 135 3655 267 3707; x_wconf 87' lang='lat' dir='ltr'><strong>uobilitas</strong></span> <span class='ocrx_word' id='word_1_280' title='bbox 296 3673 377 3726; x_wconf 87' lang='lat' dir='ltr'><strong>quam</strong></span> <span class='ocrx_word' id='word_1_281' title='bbox 401 3658 489 3707; x_wconf 88' lang='lat' dir='ltr'><strong>carnis</strong></span> <span class='ocrx_word' id='word_1_282' title='bbox 512 3659 665 3724; x_wconf 76' lang='lat' dir='ltr'><strong>ingenuitas</strong></span> <span class='ocrx_word' id='word_1_283' title='bbox 694 3653 826 3707; x_wconf 87' lang='lat' dir='ltr'><strong>reddebat</strong></span> <span class='ocrx_word' id='word_1_284' title='bbox 850 3653 1031 3706; x_wconf 87' lang='lat' dir='ltr'><strong>illustriorem.</strong></span> <span class='ocrx_word' id='word_1_285' title='bbox 1073 3651 1154 3701; x_wconf 85' lang='lat' dir='ltr'><strong>istum</strong></span> 
     </span>
     <span class='ocr_line' id='line_1_36' title="bbox 66 3721 1156 3796; baseline 0.002 -27"><span class='ocrx_word' id='word_1_286' title='bbox 66 3722 155 3793; x_wconf 85' lang='lat' dir='ltr'><strong>itaque</strong></span> <span class='ocrx_word' id='word_1_287' title='bbox 187 3728 364 3779; x_wconf 89' lang='lat' dir='ltr'><strong>reverendum</strong></span> <span class='ocrx_word' id='word_1_288' title='bbox 385 3728 475 3796; x_wconf 81' lang='lat' dir='ltr'><strong>iugem</strong></span> <span class='ocrx_word' id='word_1_289' title='bbox 507 3729 632 3780; x_wconf 88' lang='lat' dir='ltr'><strong>comitem</strong></span> <span class='ocrx_word' id='word_1_290' title='bbox 660 3743 750 3778; x_wconf 87' lang='lat' dir='ltr'><strong>secum</strong></span> <span class='ocrx_word' id='word_1_291' title='bbox 778 3726 896 3778; x_wconf 90' lang='lat' dir='ltr'><strong>ducebat</strong></span> <span class='ocrx_word' id='word_1_292' title='bbox 912 3726 1058 3794; x_wconf 87' lang='lat' dir='ltr'><strong>imperator</strong></span> <span class='ocrx_word' id='word_1_293' title='bbox 1076 3721 1156 3791; x_wconf 89' lang='lat' dir='ltr'><strong>quasi</strong></span> 
     </span>
     <span class='ocr_line' id='line_1_37' title="bbox 66 3792 1154 3870; baseline -0.002 -28"><span class='ocrx_word' id='word_1_294' title='bbox 66 3810 150 3846; x_wconf 87' lang='lat' dir='ltr'><strong>veram</strong></span> <span class='ocrx_word' id='word_1_295' title='bbox 178 3799 299 3865; x_wconf 81' lang='lat' dir='ltr'><strong>regulam</strong></span> <span class='ocrx_word' id='word_1_296' title='bbox 336 3805 365 3850; x_wconf 85' lang='lat' dir='ltr'><strong>et</strong></span> <span class='ocrx_word' id='word_1_297' title='bbox 399 3799 524 3850; x_wconf 81' lang='lat' dir='ltr'><strong>amussim</strong></span> <span class='ocrx_word' id='word_1_298' title='bbox 551 3799 636 3870; x_wconf 84' lang='lat' dir='ltr'><strong>ipsius</strong></span> <span class='ocrx_word' id='word_1_299' title='bbox 670 3799 755 3849; x_wconf 83' lang='lat' dir='ltr'><strong>vitam</strong></span> <span class='ocrx_word' id='word_1_300' title='bbox 786 3797 953 3864; x_wconf 84' lang='lat' dir='ltr'><strong>dirigentem.</strong></span> <span class='ocrx_word' id='word_1_301' title='bbox 1000 3794 1044 3844; x_wconf 89' lang='lat' dir='ltr'><strong>hic</strong></span> <span class='ocrx_word' id='word_1_302' title='bbox 1068 3792 1154 3862; x_wconf 92' lang='lat' dir='ltr'><strong>pluri-</strong></span> 
     </span>
     <span class='ocr_line' id='line_1_38' title="bbox 66 3863 1155 3941; baseline 0 -29"><span class='ocrx_word' id='word_1_303' title='bbox 66 3879 133 3914; x_wconf 88' lang='lat' dir='ltr'><strong>mum</strong></span> <span class='ocrx_word' id='word_1_304' title='bbox 156 3865 318 3920; x_wconf 84' lang='lat' dir='ltr'><strong>hortabatur</strong></span> <span class='ocrx_word' id='word_1_305' title='bbox 341 3869 550 3941; x_wconf 85' lang='lat' dir='ltr'><strong>imperatorem,</strong></span> <span class='ocrx_word' id='word_1_306' title='bbox 569 3871 686 3922; x_wconf 89' lang='lat' dir='ltr'><strong>filiorum</strong></span> <span class='ocrx_word' id='word_1_307' title='bbox 710 3885 800 3920; x_wconf 88' lang='lat' dir='ltr'><strong>curam</strong></span> <span class='ocrx_word' id='word_1_308' title='bbox 819 3876 925 3936; x_wconf 83' lang='lat' dir='ltr'><strong>ageret,</strong></span> <span class='ocrx_word' id='word_1_309' title='bbox 943 3881 1033 3935; x_wconf 89' lang='lat' dir='ltr'><strong>neque</strong></span> <span class='ocrx_word' id='word_1_310' title='bbox 1047 3865 1108 3916; x_wconf 81' lang='lat' dir='ltr'><strong>illos</strong></span> <span class='ocrx_word' id='word_1_311' title='bbox 1125 3863 1155 3913; x_wconf 88' lang='lat' dir='ltr'><strong>iu</strong></span> 
     </span>
     <span class='ocr_line' id='line_1_39' title="bbox 67 3937 1155 4012; baseline 0 -29"><span class='ocrx_word' id='word_1_312' title='bbox 67 3937 162 3986; x_wconf 85' lang='lat' dir='ltr'><strong>malum</strong></span> <span class='ocrx_word' id='word_1_313' title='bbox 182 3937 286 4010; x_wconf 89' lang='lat' dir='ltr'><strong>absque</strong></span> <span class='ocrx_word' id='word_1_314' title='bbox 305 3937 448 4010; x_wconf 84' lang='lat' dir='ltr'><strong>disciplina</strong></span> <span class='ocrx_word' id='word_1_315' title='bbox 467 3959 595 4012; x_wconf 90' lang='lat' dir='ltr'><strong>proruere</strong></span> <span class='ocrx_word' id='word_1_316' title='bbox 614 3943 724 4004; x_wconf 87' lang='lat' dir='ltr'><strong>sineret,</strong></span> <span class='ocrx_word' id='word_1_317' title='bbox 741 3937 909 4011; x_wconf 89' lang='lat' dir='ltr'><strong>nequando,</strong></span> <span class='ocrx_word' id='word_1_318' title='bbox 931 3953 1001 4008; x_wconf 86' lang='lat' dir='ltr'><strong>quae</strong></span> <span class='ocrx_word' id='word_1_319' title='bbox 1013 3937 1085 3997; x_wconf 91' lang='lat' dir='ltr'><strong>Heli,</strong></span> <span class='ocrx_word' id='word_1_320' title='bbox 1104 3951 1155 4004; x_wconf 87' lang='lat' dir='ltr'><strong>pa-</strong></span> 
     </span>
     <span class='ocr_line' id='line_1_40' title="bbox 66 4006 1156 4082; baseline 0.001 -27"><span class='ocrx_word' id='word_1_321' title='bbox 66 4011 174 4058; x_wconf 86' lang='lat' dir='ltr'><strong>teretur.</strong></span> <span class='ocrx_word' id='word_1_322' title='bbox 212 4018 242 4061; x_wconf 92' lang='lat' dir='ltr'><strong>ut</strong></span> <span class='ocrx_word' id='word_1_323' title='bbox 260 4027 324 4062; x_wconf 88' lang='lat' dir='ltr'><strong>vero</strong></span> <span class='ocrx_word' id='word_1_324' title='bbox 343 4028 359 4060; x_wconf 90' lang='lat' dir='ltr'><strong>a</strong></span> <span class='ocrx_word' id='word_1_325' title='bbox 377 4011 440 4062; x_wconf 85' lang='lat' dir='ltr'><strong>filiis</strong></span> <span class='ocrx_word' id='word_1_326' title='bbox 460 4029 475 4063; x_wconf 89' lang='lat' dir='ltr'><strong>e</strong></span> <span class='ocrx_word' id='word_1_327' title='bbox 494 4015 596 4082; x_wconf 91' lang='lat' dir='ltr'><strong>palatio</strong></span> <span class='ocrx_word' id='word_1_328' title='bbox 616 4011 739 4064; x_wconf 87' lang='lat' dir='ltr'><strong>deiectus</strong></span> <span class='ocrx_word' id='word_1_329' title='bbox 757 4021 798 4064; x_wconf 90' lang='lat' dir='ltr'><strong>est</strong></span> <span class='ocrx_word' id='word_1_330' title='bbox 825 4019 853 4062; x_wconf 87' lang='lat' dir='ltr'><strong>et</strong></span> <span class='ocrx_word' id='word_1_331' title='bbox 871 4011 900 4060; x_wconf 92' lang='lat' dir='ltr'><strong>in</strong></span> <span class='ocrx_word' id='word_1_332' title='bbox 916 4008 1022 4060; x_wconf 88' lang='lat' dir='ltr'><strong>Protem</strong></span> <span class='ocrx_word' id='word_1_333' title='bbox 1039 4006 1156 4056; x_wconf 83' lang='lat' dir='ltr'><strong>insulam</strong></span> 
     </span>
     <span class='ocr_line' id='line_1_41' title="bbox 69 4077 1156 4147; baseline 0.001 -22"><span class='ocrx_word' id='word_1_334' title='bbox 69 4077 211 4146; x_wconf 81' lang='lat' dir='ltr'><strong>relegatus,</strong></span> <span class='ocrx_word' id='word_1_335' title='bbox 230 4080 302 4131; x_wconf 87' lang='lat' dir='ltr'><strong>huuc</strong></span> <span class='ocrx_word' id='word_1_336' title='bbox 319 4099 408 4134; x_wconf 87' lang='lat' dir='ltr'><strong>rursus</strong></span> <span class='ocrx_word' id='word_1_337' title='bbox 436 4082 534 4136; x_wconf 90' lang='lat' dir='ltr'><strong>habuit</strong></span> <span class='ocrx_word' id='word_1_338' title='bbox 552 4085 736 4135; x_wconf 88' lang='lat' dir='ltr'><strong>calamitatum</strong></span> <span class='ocrx_word' id='word_1_339' title='bbox 762 4083 889 4134; x_wconf 85' lang='lat' dir='ltr'><strong>solatium</strong></span> <span class='ocrx_word' id='word_1_340' title='bbox 907 4088 935 4132; x_wconf 89' lang='lat' dir='ltr'><strong>et</strong></span> <span class='ocrx_word' id='word_1_341' title='bbox 953 4080 1091 4147; x_wconf 78' lang='lat' dir='ltr'><strong>augustiae</strong></span> <span class='ocrx_word' id='word_1_342' title='bbox 1112 4091 1156 4126; x_wconf 89' lang='lat' dir='ltr'><strong>re-</strong></span> 
     </span>
     <span class='ocr_line' id='line_1_42' title="bbox 67 4147 1159 4224; baseline 0.001 -30"><span class='ocrx_word' id='word_1_343' title='bbox 67 4147 183 4200; x_wconf 85' lang='lat' dir='ltr'><strong>medium</strong></span> <span class='ocrx_word' id='word_1_344' title='bbox 210 4150 368 4218; x_wconf 74' lang='lat' dir='ltr'><strong>lenitivum3</strong></span> <span class='ocrx_word' id='word_1_345' title='bbox 396 4153 540 4224; x_wconf 87' lang='lat' dir='ltr'><strong>eidemque</strong></span> <span class='ocrx_word' id='word_1_346' title='bbox 570 4163 635 4206; x_wconf 86' lang='lat' dir='ltr'><strong>tunc</strong></span> <span class='ocrx_word' id='word_1_347' title='bbox 660 4155 789 4223; x_wconf 89' lang='lat' dir='ltr'><strong>temporis</strong></span> <span class='ocrx_word' id='word_1_348' title='bbox 822 4154 980 4216; x_wconf 74' lang='lat' dir='ltr'><strong>Polyeuctus</strong></span> <span class='ocrx_word' id='word_1_349' title='bbox 1011 4147 1159 4200; x_wconf 80' lang='lat' dir='ltr'><strong>monachus</strong></span> 
     </span>
     <span class='ocr_line' id='line_1_43' title="bbox 68 4219 1157 4288; baseline 0.002 -20"><span class='ocrx_word' id='word_1_350' title='bbox 68 4219 201 4286; x_wconf 86' lang='lat' dir='ltr'><strong>piissimus</strong></span> <span class='ocrx_word' id='word_1_351' title='bbox 218 4219 329 4288; x_wconf 79' lang='lat' dir='ltr'><strong>aderat,</strong></span> <span class='ocrx_word' id='word_1_352' title='bbox 346 4223 447 4276; x_wconf 86' lang='lat' dir='ltr'><strong>crebris</strong></span> <span class='ocrx_word' id='word_1_353' title='bbox 467 4242 529 4278; x_wconf 84' lang='lat' dir='ltr'><strong>eum</strong></span> <span class='ocrx_word' id='word_1_354' title='bbox 554 4224 749 4288; x_wconf 85' lang='lat' dir='ltr'><strong>hortamentis,</strong></span> <span class='ocrx_word' id='word_1_355' title='bbox 767 4232 798 4276; x_wconf 92' lang='lat' dir='ltr'><strong>ut</strong></span> <span class='ocrx_word' id='word_1_356' title='bbox 817 4223 943 4288; x_wconf 85' lang='lat' dir='ltr'><strong>decebat,</strong></span> <span class='ocrx_word' id='word_1_357' title='bbox 961 4222 1157 4274; x_wconf 84' lang='lat' dir='ltr'><strong>consolaturus.</strong></span> 
     </span>
    </p>
   </div>
   <div class='ocr_carea' id='block_1_6' title="bbox 0 0 1418 4898">
    <p class='ocr_par' dir='ltr' id='par_1_6' title="bbox 0 0 1418 4898">
     <span class='ocr_line' id='line_1_44' title="bbox 0 0 1418 4898; baseline 0 0"><span class='ocrx_word' id='word_1_358' title='bbox 0 0 1418 4898; x_wconf 95' lang='lat' dir='ltr'><strong> </strong></span> 
     </span>
    </p>
   </div>
  </div>
 </body>
</html>
