2892 4904
235 333 290 396 nn
307 333 612 400 unmsmourcs
630 335 659 399 s
678 335 837 402 crassis
855 333 1000 399 caera.
1092 319 1167 398 deo

77 489 205 566 χεῖρας,
236 481 474 570 φαντασάμενος
503 484 541 551 τά
574 478 739 560 uisitauit
760 483 819 568 τὴν
839 481 972 566 καρδίαν
991 478 1167 566 κεκάλλητο,

78 585 132 645 καί
149 578 232 648 οὕτω
251 585 341 672 πάθην
360 587 420 650 τοῦ
437 583 522 651 οἴκου
544 584 712 668 άγρευθείς
727 589 782 649 καί
795 583 1091 666 intempestum*
1102 605 1165 660 μυ·
1242 598 1249 611 ·

77 681 147 763 ριάς
166 675 286 765 πληγάς
322 681 475 766 ἒντριβείς
494 687 550 748 καί
572 683 650 750 κατά
681 677 812 768 ἑκάστην
833 681 1036 764 άπαιάρησιν
1057 677 1166 760 ἐξερά-

77 802 135 855 σας
153 782 303 864 χρήματα
324 785 378 846 κατ’
396 785 442 858 εἰς
471 782 569 848 πολλά
593 782 783 868 κορυφάσας
805 781 902 863 ου’τά,
924 772 994 844 εἶτα
1018 780 1073 844 κατ’
1091 781 1165 845 ε’λα-

55 879 174 964 5φρίαν
196 880 309 946 πσθάν
330 883 492 964 λογισμοῦ,
515 887 570 946 καί
589 879 623 946 ἐν
642 887 685 970 τῷ
708 885 839 967 ζητῆσαι
861 883 969 960 λαβεῖν
990 902 1022 941 τι
1043 881 1165 942 ἐκεῖθεν

76 979 342 1061 παρακρουσθείς,
368 981 422 1044 καί
441 980 689 1064 άπειλησάμενος
718 981 936 1062 καταμηνάσαι
966 975 999 1044 τὸ
1032 979 1163 1060 πρᾶγμα

74 1085 136 1152 τοῖς
157 1079 310 1162 κάμησιν,
334 1081 392 1144 edu
419 1075 511 1162 ἔσχεν
541 1077 586 1146 ἔτι
606 1079 764 1166 κεφαλην,
797 1072 865 1142 ἀλλ’
886 1076 965 1160 edri]
990 1079 1049 1159 μὲν
1070 1097 1162 1140 κατε.

72 1174 182 1262 χάσθη
216 1201 278 1240 που
311 1186 498 1264 ἐκκοπεῖσα,
521 1177 537 1243 d
558 1181 593 1245 δὲ
623 1178 731 1257 λοιπάς
751 1183 992 1252 Κανσταντῖνος
1011 1178 1161 1260 ἐξερρίφη

73 1275 178 1361 νεκρὸς
199 1276 390 1362 άβοηθητος.

38 1397 66 1449 10
144 1368 238 1457 Ἔσχε
259 1380 369 1444 rit-uei
387 1381 482 1443 τοῦτο
502 1377 536 1444 τά
560 1377 655 1446 κακὸν
673 1373 812 1462 ἑτεροίαν
832 1379 986 1443 ἐπίτασιν.
1026 1380 1158 1458 γλυκαν-

73 1476 178 1552 θέντες
198 1474 260 1559 γάρ
283 1474 366 1544 οὕτω
386 1480 428 1566 rui
451 1481 555 1564 κέρδει
575 1481 638 1544 τοῖν
659 1478 960 1545 οἰκοδεσποτούντων
980 1472 1010 1538 oi
1031 1475 1160 1558 βάρβα-

71 1597 118 1655 ροι
138 1578 288 1658 ε’νελὸχων
309 1576 372 1642 ἔσω
396 1584 512 1664 πυλῶν,
537 1582 591 1644 καί
611 1577 645 1648 εἴ
654 1604 722 1644 τινα
738 1575 953 1662 παροίεάονεα
976 1574 1073 1640 ἴδοιεν
1101 1573 1159 1638 dd·-
1242 1588 1245 1591 “

70 1698 157 1755 κησιν
178 1674 295 1760 άνδρὸς
308 1682 468 1760 πέμποντα
491 1677 794 1758 πλουτοῦντόςπστρ,
817 1672 958 1760 ἥρπαζον
979 1671 1075 1740 αὐτὸν
1094 1672 1157 1738 ἔσω

70 1767 117 1838 οἶά
137 1798 220 1849 τινες
242 1779 340 1843 δεινοί
358 1779 456 1860 θῆρες
471 1783 505 1844 ἐκ
527 1780 665 1865 φωλεοῦ,
686 1781 742 1842 καί
752 1763 934 1858 βιαζόμενοι
956 1775 1158 1861 ἐτυράννουν,

35 1870 123 1947 iiiuc
143 1897 174 1938 τι
198 1879 264 1938 τῶν
285 1873 362 1940 κατά
387 1876 503 1942 σκοπὸν
529 1876 690 1943 άνάσαιεν.
734 1876 764 1940 εἰ
784 1878 820 1940 dd
839 1871 922 1950 τινες
945 1874 999 1938 κατ’
1019 1880 1157 1958 συμβιο-

67 1970 163 2038 τεάειν
180 1973 402 2056 ἀἰχμαλώτοις
426 1970 553 2060 ἤθελον,
574 1972 642 2060 εἶχε
664 1979 722 2058 μέν
744 2000 776 2039 τι
797 1977 852 2040 καί
871 1976 961 2041 τοῦτο
981 1971 1091 2060 βάρος,
1113 1977 1157 2051 σάς

68 2067 94 2134 οἱ
113 2067 150 2136 τά
170 2072 308 2158 πάσχειν
328 2079 490 2154 δοκοῦντες
510 2080 733 2159 περιηγοῦντο,
755 2067 793 2160 ἦν
822 2076 858 2138 δέ
878 2099 944 2150 πως
964 2071 1156 2160 φιλάλληλον

67 2170 137 2236 oded
160 2178 218 2238 καί
237 2174 528 2259 ἀνθρωπικώτερον.

146 2273 215 2339 Ode
238 2265 275 2358 ἦν
296 2277 371 2339 οὐδὲ
391 2274 464 2350 τοὺς
489 2281 598 2352 θείους
617 2274 711 2350 ναοάς
732 2267 841 2356 ὕμνοις
863 2269 1025 2350 άσκάλτοος
1044 2275 1153 2362 neptui-

18 2374 174 2456 *dotcetas
196 2372 281 2461 τότε,
311 2376 377 2440 ἀλλ’
411 2370 477 2458 εἶχε
507 2375 562 2440 καί
580 2371 616 2441 sd
639 2372 858 2460 ueldvi'pyov
876 2376 969 2438 τοῦτο
992 2370 1154 2458 ἐπήρειαν.

67 2475 116 2536 καί
142 2475 201 2552 τὰς
221 2480 280 2558 μὲν
307 2473 411 2558 άρχάς
444 2475 552 2541 ἱκαναί
578 2475 692 2559 ἡμέραν
721 2478 777 2540 καί
801 2467 871 2538 οὔτε
904 2475 1056 2539 ἐκλείοντο
1080 2468 1152 2538 οὔτε

67 2570 189 2653 σάνοίξις
213 2569 252 2658 ἦν
280 2575 299 2658 ἦ
324 2568 411 2652 ‘sade
430 2571 474 2654 τάς
494 2575 664 2658 ὑμνεῖσθαι
687 2571 782 2660 θεάν,
816 2575 884 2638 ἀλλ’
904 2572 938 2638 εἴ
954 2597 1015 2637 που
1035 2572 1078 2648 τάς
1099 2574 1155 2639 ἐπί

68 2846 236 2912 cognomine,
254 2847 296 2899 vir
313 2856 438 2900 strenuus
459 2857 487 2901 et
504 2846 604 2900 diuitiis
627 2847 787 2910 abundans,
807 2864 860 2900 rem
880 2848 1038 2900 familiarem
1058 2865 1150 2902 recor-

67 2913 148 2977 datus,
166 2933 281 2988 quacum
303 2919 383 2974 corde
401 2921 603 2986 conglutinatus
619 2927 685 2982 erat,
704 2929 786 2988 atque
805 2920 843 2972 ita
864 2937 950 2972 rerum
972 2937 1079 2972 suarum
1099 2921 1149 2972 de-

61 2985 159 3048 siderio
183 2989 322 3051 irretitus,
339 3005 484 3059 suspensus
510 2998 538 3041 et
560 2989 645 3058 plagis
672 2990 786 3042 infinitis
809 2991 982 3055 verberatus,
1001 3001 1044 3055 et,
1063 3009 1148 3062 quum

67 3059 155 3122 quovis
183 3060 329 3130 suspendio
358 3063 521 3113 evomuisset
546 3061 655 3112 divitias
684 3077 782 3131 easque
809 3061 952 3114 admodum
979 3065 1150 3128 cumulasset,

65 3136 232 3193 postremum,
246 3132 353 3183 consilii
372 3130 436 3184 dece
458 3140 500 3184 tus
519 3131 710 3200 imprudentia,
731 3139 759 3184 et
769 3132 891 3186 lucrandi
910 3133 1013 3202 aliquid
1032 3151 1078 3203 spe
1097 3135 1157 3184 lal-'

65 3213 112 3257 sus,
127 3201 271 3254 comitibus
291 3219 320 3252 se
334 3220 387 3253 rem
399 3204 427 3254 in
447 3203 578 3254 icatururu
600 3219 658 3254 esse
676 3203 802 3265 minatur,
825 3206 947 3254 aeciam
966 3213 1048 3274 caput
1067 3221 1149 3272 super

63 3264 182 3324 humeros
204 3282 299 3340 gestat,
317 3274 365 3324 sed
384 3273 529 3326 abscissum
547 3273 576 3324 id
593 3273 719 3326 obruitur
738 3273 851 3338 alicubi,
871 3275 992 3344 reliquus
1011 3276 1148 3328 Constan-

65 3337 131 3390 tinus
149 3345 298 3410 proficitur,
319 3344 432 3395 cadaver
452 3362 503 3414 ope
522 3344 691 3396 destitutum.

129 3413 230 3466 Habuit
255 3425 344 3466 autern
371 3415 419 3466 illa
439 3432 550 3486 quoque
571 3416 677 3466 miserie
704 3413 784 3464 aliam
805 3411 938 3484 quandam
958 3416 1146 3468 accessionem.
1238 3425 1241 3438 ¹

64 3477 182 3536 delectati
202 3488 274 3538 enim
293 3487 331 3536 ita
353 3486 465 3537 aedibus
485 3486 641 3554 divitiisque
668 3483 779 3546 alienis,
796 3484 902 3536 barbari
923 3488 993 3538 intra
1013 3486 1085 3537 sores
1103 3489 1147 3538 la-

63 3549 169 3616 tebant,
204 3565 231 3608 et
257 3559 277 3608 si
308 3573 388 3626 quem
421 3565 636 3627 praetereuntem
658 3555 803 3617 uiderent,
825 3557 872 3625 qui
893 3559 1009 3625 speciem
1028 3557 1146 3610 hominis

63 3624 182 3688 opulenti
201 3645 264 3695 prae
285 3645 313 3678 se
334 3627 424 3691 ferret,
445 3627 619 3696 subripiebant
637 3627 713 3676 illum
733 3627 804 3678 intra
822 3629 947 3695 parietes,
967 3645 1148 3698 prorumpen-

63 3697 99 3741 tes
117 3703 243 3766 tanquam
264 3716 277 3748 e
296 3699 412 3750 latibulo
432 3698 504 3750 serae
522 3698 634 3760 bestiae,
654 3695 842 3766 vexabantque
861 3700 1041 3759 contumeliis,
1059 3699 1147 3751 donec

62 3762 285 3831 adipiscerentur,
308 3768 382 3838 quod
408 3768 607 3822 desiderabant.
644 3769 733 3836 siqui
754 3785 817 3820 uero
843 3785 895 3820 una
916 3771 1006 3820 vivere
1025 3787 1083 3820 cum
1102 3788 1148 3822 ca·

62 3834 135 3897 ptivis
155 3839 266 3900 velient,
279 3840 399 3892 habebat
409 3840 438 3892 id
456 3858 565 3912 quoque
576 3855 696 3906 magnam
712 3839 872 3903 molestiam,
890 3849 920 3892 ut
934 3839 1081 3892 narrabant
1099 3843 1146 3911 qui

62 3909 151 3958 ceteris
171 3909 304 3962 beatiores
325 3911 500 3975 videbantur,
518 3911 566 3963 sed
585 3920 641 3963 erat
655 3918 745 3962 tamen
767 3927 798 3962 ea
817 3909 935 3964 conditio
966 3905 1044 3983 quasi
1063 3929 1147 3982 quae-

62 3972 115 4026 dam
134 3979 279 4032 ollicioruru
298 3984 451 4035 coniunctio
472 3991 499 4036 et
518 3983 670 4035 humanior.

125 4049 165 4100 Ne
184 4053 283 4104 licebat
304 4055 421 4123 quidem
444 4071 518 4106 sacra
539 4054 639 4123 templa
657 4053 762 4121 hymnis
788 4069 934 4123 personare
954 4053 1011 4105 sine
1029 4054 1144 4118 iniuriis,

62 4116 105 4196 §td
124 4121 203 4172 etiam
232 4123 368 4176 laudabile
392 4125 421 4176 id
451 4141 519 4194 opus
544 4125 743 4177 execrationem
770 4124 969 4192 experiebatur.
1007 4133 1089 4248 stippa
1110 4125 1144 4175 ab

62 4190 135 4241 initio
158 4193 266 4261 quidem
293 4193 351 4248 dies
387 4196 548 4248 effluxerunt
573 4196 741 4268 complures,
761 4195 859 4265 quibus
878 4211 928 4248 nec
947 4195 1042 4246 clarrde
1065 4204 1144 4248 antur
