2838 4902
214 337 269 400 DE
286 333 594 404 transsitomct
622 338 654 402 A·
679 338 838 404 LATINIS
857 338 1001 406 ctam.
1070 334 1143 406 369

62 489 217 572 κλήσεσιν·
267 489 299 554 εἶ
331 490 367 552 δὲ
387 491 443 552 καί
471 488 641 574 δονήσεται
673 493 928 576 κατενοτοχήσοι
958 492 1018 554 τοῦ
1046 495 1146 556 κακοῦ

63 587 136 673 πρὸς
171 584 258 669 ἔπος,
289 590 362 669 ε’ρεῖ
377 581 417 653 clv
444 585 522 654 αὐτὰ
543 589 603 652 οὐκ
624 587 797 666 ἀπεικότως
822 593 988 675 φωστήρος
1005 590 1146 673 μεγάλου

61 688 226 775 ἀφάνειαν,
258 689 351 754 οὐδὲν
376 691 435 770 μὲν
457 691 572 764 ἐκεῖνος
592 693 690 772 λέγων
711 685 791 771 πρὸς
819 684 923 763 πάθος
954 691 1066 776 (ἐχρῆν
1084 687 1147 775 γὰρ

64 785 165 866 ἄλλοις
187 785 338 869 ὀνόμασιν
359 789 501 872 ἐνταῦθα
521 787 757 874 ποθήνασθαι),
778 790 820 874 τῷ
830 793 985 876 μεμαλείιμ
1002 793 1037 854 δὲ
1061 785 1148 871 ὅμως

43 889 164 971 δίρθοῖς
188 885 364 970 ἐπιβάλλων
389 888 448 952 τοῦ
477 887 756 970 ,δοσπραγήμοιτος
808 879 909 973 ήγοὶρ
941 891 982 952 ον’
1004 885 1149 955 τοιοῦτόν

63 1015 90 1053 τι
109 988 142 1054 τὸ
164 985 223 1072 τήν
245 990 278 1052 ἐν
301 994 371 1062 ταῖς
391 987 445 1050 ὑπ’
458 985 592 1072 uinaria
613 985 721 1051 πόλεσι
744 988 828 1052 aava
848 978 994 1072 λαμπρὸν
1015 990 1149 1074 φαίνον-

10 1139 11 1148 ,
64 1114 118 1152 σαν
139 1089 372 1170 Θεσσαλονίκην
403 1079 488 1150 οὕτω
510 1092 626 1150 παθεῖν
645 1082 688 1162 οἷς
708 1086 763 1152 νῦν
782 1085 867 1169 ἔχεις
899 1085 965 1170 ἔχει
985 1089 1021 1152 δὲ
1042 1087 1085 1162 οἱς
1108 1081 1150 1151 ίίν

10 1259 11 1266 ¹
64 1186 247 1264 α’πειλξοιιντο
267 1185 321 1249 καί
340 1187 462 1269 ἐχθροί,
485 1184 564 1250 aines*
587 1186 643 1250 καί
663 1184 760 1251 καλὸν
780 1183 863 1262 εἶδος
887 1185 1069 1272 ἀφανισθὲν
1091 1192 1149 1250 tu.

64 1293 113 1349 πεῖ
131 1283 253 1350 καὶτὸν
274 1277 313 1369 ἦν
335 1281 388 1348 ὅτε
405 1283 607 1367 οἶπόστορηιον.
631 1276 713 1366 οἴμοι
735 1288 893 1371 δαίμονος,
914 1283 949 1361 ὃς
969 1284 1055 1350 οὕτω
1074 1289 1150 1370 βρι-

34 1381 121 1460 ltdu'g
148 1383 337 1468 τηλικαύτης
368 1382 486 1460 πόλεως
512 1385 658 1474 εὐετηρίᾳ
692 1387 823 1469 ἐνήλατο
848 1389 902 1450 καί
922 1377 1147 1470 κατέστρεψεν.

65 1479 198 1568 α’πήμογε
228 1487 287 1563 μὲν
311 1475 368 1546 οὖν
390 1482 486 1568 αὐτήν
507 1486 627 1565 τέλεον,
649 1483 692 1561 ὥς
712 1487 795 1568 μηδὲ
818 1487 968 1567 λείψανον
986 1489 1151 1567 ἐναπομεῖ-

10 1637 13 1666 ρ
64 1607 111 1646 ναι
130 1584 269 1655 παλαιᾶς
292 1587 452 1665 καλλονῆς.
496 1587 551 1648 καί
570 1587 658 1669 τείχη
672 1587 732 1664 μὲν
747 1585 847 1668 αιίτῆς
869 1585 1077 1670 ήχρειωμένα,
1098 1583 1154 1648 καὶ

10 1675 11 1678 “
64 1679 128 1764 ἱεροὶ
156 1680 194 1746 sd
230 1681 333 1745 πάντα
365 1686 578 1770 κατηκισμένσι
608 1686 654 1758 εἰς
682 1677 757 1749 ὅσον
787 1683 864 1748 ortas
889 1680 982 1748 τόποι
1001 1685 1154 1767 τολμητοί

11 1771 12 1774 “
65 1785 145 1865 πᾶσι,
167 1783 223 1844 καί
253 1775 332 1845 οἶκοι
355 1781 521 1866 εὐπρεπεῖς
553 1785 795 1869 κατησχομένοι,
817 1785 872 1846 καί
891 1785 1072 1866 περιουσίσι
1093 1805 1153 1846 πο-

12 1883 150 1968 λὸλιττόν
180 1878 215 1944 αἱ
245 1885 303 1960 μὲν
328 1882 518 1963 ήντλημὲναι
548 1878 583 1946 αἱ
608 1883 635 1945 δ’
670 1885 878 1964 ἐκκεχυμένοι
900 1887 957 1946 καί
984 1875 1089 1956 ditae
1117 1884 1154 1948 dt

11 1991 13 2070 j
67 1982 301 2064 διεσπαρμέναι,
320 1980 354 2043 τί
374 1974 413 2043 σ’ίν
431 1984 576 2066 λέγοιντο,
598 1978 677 2045 ἔνθα
700 1984 757 2044 οιίκ
779 1979 872 2064 ἔστιν,
894 1980 938 2054 ὥς
960 1983 1068 2064 ε’χρήν,
1089 1980 1154 2044 ου’.

10 2087 12 2094 ⁴
65 2077 98 2142 sd
121 2077 299 2156 διίξεσθαη
322 2077 358 2141 τὸ
382 2081 418 2143 δὲ
441 2081 475 2145 ἐν
497 2083 538 2166 τῇ
555 2077 643 2156 πόλει
668 2083 799 2159 πλῆθος,
823 2077 861 2143 οὗ
882 2079 1033 2162 μόνοντὰ
1057 2106 1153 2164 στρα-

67 2178 201 2244 τιωτικὸν
222 2177 304 2244 α’λλοὶ
326 2178 380 2242 καί
400 2177 434 2244 τὸ
457 2179 573 2265 λοιπόν,
597 2174 669 2244 ὅσον
691 2179 726 2242 ἒν
754 2175 824 2266 ἱερᾷ
843 2181 983 2268 πολιτείᾳ
1004 2181 1042 2266 τῇ
1072 2176 1153 2244 κατοὶ

11 2363 12 2366 ¹
68 2275 175 2360 κόσμον
195 2281 251 2344 καί
282 2273 357 2344 ὅσον
380 2280 415 2343 δὲ
445 2276 565 2358 λαϊκόν,
588 2283 636 2356 τίς
658 2271 696 2342 ὀλο
727 2281 759 2353 ἐς
779 2276 1075 2364 transumptum,-
1098 2281 1155 2343 ναί

11 2367 12 2370 “
35 2375 125 2461 νομήν
145 2379 200 2443 καί
222 2376 296 2444 ὅσον
315 2381 371 2443 τοῦ
402 2381 475 2460 βίον
497 2379 550 2442 τὸν
571 2383 724 2463 φλοῖσβον
750 2378 1018 2462 διακρουσάμενον
1043 2377 1085 2451 οἱς
1106 2381 1153 2453 εἰς

69 2481 171 2556 λιμένα
191 2476 361 2564 κατήντησε
381 2473 414 2543 τὸ
440 2477 593 2560 οἴπρόϊτον
614 2481 670 2560 τής
693 2475 899 2559 ἐνοικήσεως,
920 2476 1032 2551 πάντες
1054 2467 1152 2559 οὗτοι,

68 2573 137 2640 aios?
155 2577 212 2644 καί
233 2579 359 2657 α’κρίδες
383 2580 462 2660 πυρί
482 2575 558 2642 κατὰ
582 2573 670 2662 λήϊον
692 2576 911 2659 ἐλαυνόμεναι,
930 2579 967 2663 τῇ
990 2580 1153 2662 κανστηρᾷ

67 2675 146 2766 μάχη
170 2677 251 2764 πρὸς
274 2671 405 2762 ὄλεθρον
426 2677 673 2755 ὲξετινάσσοντο.
724 2680 779 2740 καί
802 2673 831 2740 οἱ
853 2677 912 2757 μὲν
933 2679 1077 2756 πολέμιοι
1096 2697 1153 2740 πε-

69 2920 142 2973 luerit
159 2922 276 2992 assequi,
296 2919 368 2972 haud
387 2921 520 2972 immerito
535 2919 633 2970 dixerit
651 2917 747 2970 sideris
767 2917 858 2968 eximii
878 2933 1017 2969 occasum:
1040 2918 1152 2970 minime

10 3053 11 3056 Ἴ
69 2992 111 3042 ille
130 2993 240 3063 quidem
266 2992 418 3060 significans
442 2994 479 3042 rei
504 2991 636 3040 miseriam
666 2989 738 3059 (aliis
768 2989 840 3039 enim
859 2989 1061 3042 lamentandum
1080 2990 1158 3042 foret

11 3111 13 3116 .
69 3063 228 3131 vocabulis),
253 3063 302 3114 sed
322 3073 413 3114 tamen
430 3060 642 3128 magnitudinem
655 3062 692 3111 rei
712 3066 783 3110 recte
805 3059 949 3128 attingens.
985 3077 1076 3112 annon
1095 3061 1151 3113 tale

11 3131 12 3136 ’
70 3133 130 3199 quid
148 3144 188 3186 est
206 3133 415 3184 Thessalonicae
435 3135 506 3183 inter
527 3132 606 3182 urbes
626 3131 712 3199 longe
731 3130 898 3200 splendentis
920 3149 960 3193 ea,
981 3148 1035 3199 qua
1053 3132 1152 3182 afflicta

10 3255 11 3258 ,
70 3204 141 3265 iacet,
161 3205 322 3255 calamitas?
358 3206 427 3256 iacet
446 3211 535 3253 autern
556 3202 604 3261 ita,
622 3209 653 3258 nt
669 3203 847 3252 misereantur
864 3203 945 3252 etiam
965 3197 1078 3264 inimici,
1097 3204 1151 3253 sic-

10 3275 11 3278 ’
70 3276 105 3324 uti
127 3277 271 3328 formosam
303 3275 417 3338 faciem,
443 3291 525 3343 quum
552 3272 641 3324 deleta
663 3281 720 3334 est,
746 3273 888 3323 miseretur
916 3273 995 3324 etiam
1014 3275 1061 3342 qui
1083 3272 1151 3324 olim
1232 3320 1242 3339 ,

70 3344 166 3397 oderat.
203 3345 274 3396 elren
295 3344 433 3396 daemonis
454 3343 592 3404 invidiam,
610 3343 658 3414 qui
676 3352 730 3394 tam
749 3344 885 3394 violenter
904 3350 995 3396 mutae
1015 3343 1091 3394 urbis
1108 3343 1151 3395 le·

70 3416 192 3468 licitatem
213 3417 310 3467 invasit
328 3425 355 3466 et
374 3413 485 3468 avertit!
505 3414 607 3466 delevit
626 3431 693 3476 eam,
713 3421 743 3464 ut
762 3431 797 3465 ne
816 3415 950 3480 particule
967 3412 1076 3482 quidem
1089 3414 1149 3482 pri·

71 3488 150 3539 atinae
171 3486 362 3559 pulcritudinis
388 3486 480 3539 relicta
500 3486 544 3536 sit.
587 3488 694 3537 moenia
714 3484 788 3535 urbis
808 3483 958 3546 destructa,
977 3491 1059 3552 atque
1079 3491 1151 3536 tesn-

70 3557 111 3624 pla
130 3560 220 3611 omnin
238 3561 277 3610 ita
292 3558 459 3620 dedecorata,
480 3563 554 3608 utne
569 3555 629 3606 loca
642 3554 752 3626 quidem
769 3557 871 3624 turpari
885 3555 974 3605 solent
991 3563 1149 3606 cunctorum

69 3627 178 3682 ludibrio
201 3630 334 3692 obnoxia,
354 3628 476 3679 aedificia
496 3626 638 3696 splendida
655 3625 773 3687 foedata,
790 3633 818 3676 et
843 3624 916 3676 bona
935 3626 1033 3676 civium
1051 3626 1150 3692 partim

71 3699 191 3751 exhausta
206 3702 303 3770 partim
317 3699 445 3767 dissipata
459 3707 487 3750 et
504 3713 666 3767 quocunque
685 3695 765 3747 modo
784 3695 920 3764 dispersa:
941 3695 1017 3758 haec,
1029 3697 1149 3764 inquam,

69 3783 117 3834 quo
136 3774 245 3821 uomina
265 3771 447 3840 appellentur,
466 3766 573 3838 quando
593 3768 718 3828 enarrari,
736 3775 766 3818 ut
780 3783 829 3836 par
846 3766 926 3828 foret,
945 3783 1001 3818 non
1014 3767 1149 3835 possunt?

70 3840 263 3893 multitudinem
282 3851 371 3892 autem
390 3838 471 3900 urbis,
489 3854 545 3889 non
563 3837 644 3888 modo
667 3838 820 3900 militarem,
839 3837 885 3887 sed
904 3838 983 3888 etiam
1004 3838 1148 3906 reliquam,

70 3916 120 3960 tum
136 3913 205 3964 vitae
226 3911 377 3976 mundanae
404 3911 534 3970 clericos,
553 3916 611 3960 tum
630 3910 728 3969 laicos,
752 3909 812 3976 quis
828 3906 908 3975 digne
926 3907 1035 3975 lugeat?
1072 3907 1147 3978 quial,

71 3981 244 4047 quodetiam,
262 3985 309 4052 qui
330 3983 462 4034 evitarent
480 3987 653 4048 tempestates
672 3979 743 4030 vitae
755 3987 784 4030 et
801 3987 929 4047 tanquam
949 3980 978 4028 in
994 3985 1101 4046 portum
1119 3979 1148 4030 in

70 4051 175 4104 claustra
201 4055 425 4105 monasteriorum
452 4059 644 4119 penetrarant,
665 4065 774 4109 ornnes,
800 4049 876 4098 velut
895 4048 1016 4099 locustae
1035 4047 1148 4101 llamsnis

69 4135 111 4186 per
128 4133 229 4198 segetes
248 4133 394 4192 correptae,
414 4129 541 4172 aestuoso
558 4120 634 4172 bello
652 4121 682 4172 in
699 4119 846 4188 perniciem
862 4117 1019 4171 dabantur?
1054 4119 1147 4171 hostes

70 4189 133 4242 anim
152 4193 346 4246 circumeuntes
365 4192 496 4244 flammam
514 4193 570 4254 irae
587 4192 617 4244 in
633 4207 740 4244 omnem
754 4190 890 4244 civitatens
908 4190 1086 4256 evomebant,
1104 4191 1148 4242 illi

118 4305 169 4360 teo
190 4307 398 4360 Grammaticus.
921 4298 956 4354 24
