2814 4898
252 357 328 432 am
553 333 1005 478 1αιιιιαοαιιαωαα

253 513 371 600 νῆσατι
382 509 440 599 τῆν
460 510 648 598 είνόναμου,
667 505 707 578 οό
730 513 946 594 καταόάχομαι
964 513 1209 595 προσκυνεῖσθαι
1226 513 1345 599 αίτῆν.

252 615 308 680 καί
321 612 416 677 corito
434 609 572 690 άιιοάσας
583 617 741 698 συνῆλθεν
760 611 848 696 usiani
859 609 915 675 καί
924 617 989 684 τοῖς
1008 612 1243 694 προειρημένοις
1261 613 1348 678 εἶτά.

251 735 335 788 κτοις
354 711 409 776 κατ’
423 708 642 797 άπαιόεάτοις,
662 709 719 776 καί
737 703 849 794 sirenue
867 707 1003 792 άρχηγός
1022 711 1078 772 καί
1093 714 1213 796 πρῶτος
1228 713 1346 778 norm.

252 811 309 876 καί
328 809 439 876 λοιπόν
458 811 644 894 η’ρωνίζοντο
664 807 742 874 κατό
765 811 822 893 τῆς
841 805 1008 893 ἀληθείας,
1031 807 1204 890 α’ρξάμενοι
1227 809 1289 892 α’πό
1310 813 1351 898 τῆ

253 909 443 996 πεντηκοστῇ
471 907 502 972 οἱ
524 908 599 993 περὶ
616 908 672 974 τόν
686 902 835 991 Ἰωάννην
850 903 905 971 τόν
917 909 973 971 καί
987 907 1114 972 Ὑλιλάν
1133 907 1287 990 σωρεόειν
1309 910 1374 977 adt

254 1005 381 1089 βιβλία·
421 1005 474 1072 τόν
498 1009 533 1072 δὲ
550 1005 719 1074 Ἀντώνιον
747 1006 977 1088 προσελάβοντο
1000 1002 1062 1070 άπὸ
1080 999 1216 1072 Ἰουλίου
1237 1007 1349 1093 μηνός.

148 1189 151 1195 Δ
226 1105 311 1172 Beni
330 1103 439 1172 λοιπόν
461 1108 520 1182 ἕως
539 1104 795 1189 τόνΔεκίμβριον
813 1105 900 1188 μῆνα
919 1103 1058 1186 κρυπτὸν
1071 1105 1128 1171 τόν
1142 1105 1238 1171 δόλον
1252 1104 1352 1190 εἰχον·

257 1201 454 1292 ἐρωτώμενοι
483 1209 519 1270 δὲ
549 1203 652 1288 ἔλεγον
671 1203 865 1286 ψευδόμενοι
892 1199 943 1268 ότι
965 1203 982 1268 ό
1005 1205 1158 1286 βασιλεὺς
1180 1208 1356 1290 ἐπέτρεψεν

258 1305 345 1389 ἡμᾶς
364 1305 559 1390 ψηλαφῆσαι
577 1302 617 1368 τά
639 1306 757 1387 βιβλία,
779 1297 827 1368 ότι
846 1307 990 1388 λέγουσιν
1006 1306 1092 1388 adrui
1111 1307 1197 1380 τινός
1217 1303 1271 1370 ότι
1290 1307 1355 1370 όλί·

259 1428 315 1488 γον
336 1405 452 1486 χρόνον
482 1400 566 1486 ἔχεις
595 1405 803 1488 βασιλεῦσαι,
827 1406 883 1468 καί
909 1405 1011 1466 ἕνεκεν
1033 1401 1148 1468 τοότου
1170 1406 1356 1486 ποιούμεθα
1367 1427 1394 1480 μ)

258 1503 318 1590 τῆν
340 1501 477 1588 ζῆτησιν.
528 1505 585 1568 καί
608 1503 683 1587 περί
709 1499 760 1566 τόν
786 1505 981 1585 Δεκέμβριον
1001 1507 1085 1587 μῆνα
1107 1506 1202 1588 δηλοῖ
1220 1501 1277 1570 τόν
1297 1531 1359 1568 πα-

260 1603 418 1689 τριάρχην
438 1599 455 1666 ό
476 1605 571 1668 Λὲων
592 1596 644 1666 ότι
664 1597 681 1663 ό
703 1599 780 1676 λαός
797 1604 1037 1680 σκανδαλιζιται
1058 1599 1113 1666 διά
1135 1602 1196 1678 τὰς
1222 1603 1359 1686 εἰκόνας,

260 1707 402 1787 λέγοντες
429 1697 478 1768 ότι
509 1705 612 1777 κακαῖς
643 1702 745 1778 αότάς
777 1703 1015 1786 προσκυνοῦμεν
1041 1702 1095 1766 κατ’
1114 1695 1166 1766 ότι
1186 1701 1240 1768 διό
1264 1705 1359 1770 τοῦτο

260 1799 300 1870 τό
323 1799 400 1887 ἔθνη
420 1801 623 1886 κυριεύουσιν
644 1800 755 1883 ἡμῶν·
776 1800 831 1864 καί
851 1802 1050 1886 συγκοτόβα,
1070 1802 1161 1887 φησί,
1179 1805 1214 1867 τί
1232 1802 1360 1884 μικρόν,

262 1903 320 1966 καί
340 1904 469 1988 ποίησον
483 1902 662 1982 οἰκονομίαν
684 1901 730 1977 είς
750 1897 806 1964 τόν
820 1900 907 1987 λαόν,
921 1899 975 1965 καί
993 1899 1030 1964 τά
1049 1898 1181 1986 χαμηλὰ
1203 1909 1397 1984 neptuim-tt

263 2024 333 2085 μιν.
355 2003 387 2067 εἰ
405 2004 441 2065 δὲ
460 1997 505 2084 μῆ
526 2003 646 2082 βοόλει,
664 2009 774 2066 πεῖσον
789 1999 875 2083 ἡμᾶς
896 2003 938 2063 δι’
961 1991 1003 2063 οὗ
1022 2003 1125 2064 ἕνεκεν
1141 2011 1363 2084 προσκυνεῖτε,

218 2105 322 2187 ,θεῆς
340 2105 468 2187 γραφῆς
484 2097 529 2183 μῆ
551 2097 947 2186 ἑχοόσηςρητῶςπάποτε.
968 2098 1022 2164 καί
1041 2101 1135 2184 δηλοῖ
1152 2101 1242 2188 αὐτῷ
1263 2099 1282 2164 ό
1301 2126 1364 2166 πα-

263 2199 414 2288 τριάρχης
433 2196 484 2265 ότι
506 2199 597 2282 ἡμεῖς
609 2196 648 2265 τό
672 2202 774 2274 καλαῖς
794 2201 828 2278 ἐξ
847 2199 949 2284 ἀρχῆς
968 2199 1024 2263 καί
1044 2191 1171 2265 άνωθεν
1190 2197 1364 2282 ὁρισθέντα

263 2295 326 2366 sind
348 2321 385 2366 τε
413 2303 478 2366 τάν
508 2297 691 2364 ἀποστόλων
710 2297 764 2363 καί
782 2303 845 2366 τάν
875 2301 1020 2382 πατέρων
1044 2289 1115 2363 τότε
1135 2297 1364 2384 παρασαλεόα.

262 2423 323 2482 μεν
340 2394 413 2466 τότε
444 2393 670 2484 περισσότερόν
687 2420 720 2463 τι
749 2399 784 2464 ἐν
814 2397 924 2474 ου’τοῖς
945 2398 1179 2480 οἰκονομοῦμεν,
1200 2402 1262 2464 τοῦ
1282 2393 1395 2466 ἄπο-20

262 2499 379 2566 στόλου
400 2496 543 2584 λέγοντος
562 2491 611 2560 ότι
630 2498 685 2562 καί
703 2495 761 2562 ἑόν
780 2497 870 2582 ἡμεῖς
889 2491 912 2582 ἢ
938 2490 1068 2581 ἄγγελος
1088 2501 1123 2576 ἐξ
1143 2499 1289 2581 σάρανοα·
1308 2501 1363 2562 eu'-

264 2601 463 2686 αγγελίζηται
476 2596 554 2682 ὑμῖν
568 2603 644 2682 παρ’
661 2593 966 2683 όιάαμγελισάμεθα
988 2596 1077 2679 όμῖν,
1098 2595 1248 2682 άνόθεμα
1270 2597 1361 2664 ἔστω.

336 2783 381 2836 21.
400 2772 453 2840 tria
471 2780 525 2834 add
542 2781 626 2834 Comb
719 2779 764 2835 22.
784 2772 864 2855 παρά
882 2781 915 2836 P:
933 2797 993 2837 corr
1009 2781 1093 2836 Comb

268 2943 379 2999 adorare
403 2943 595 2996 consentiam.’'
636 2943 679 2996 his
699 2944 809 3008 auditis,
829 2962 889 2996 eum
912 2961 945 2998 eo
970 2933 999 2998 et
1015 2947 1145 3016 praelatis
1162 2949 1363 3018 incompositae

268 3017 368 3070 mentis
388 3024 416 3068 et
432 3014 571 3067 illiteratis
590 3013 746 3068 bominibus
765 3016 900 3080 convenit,
918 3024 947 3068 et
966 3016 1091 3088 princeps
1108 3026 1243 3090 caputque
1268 3037 1363 3070 eorum

268 3085 431 3140 instituitur.
468 3086 669 3138 contendebant
685 3086 766 3154 igitur
783 3087 813 3139 in
831 3087 972 3140 veritatem
991 3103 1006 3138 a
1025 3097 1194 3156 pentecoste,
1210 3091 1259 3159 qui
1280 3093 1362 3142 loan-

268 3177 331 3211 nem
353 3166 381 3211 et
393 3157 510 3225 Hylilam
531 3157 724 3227 sequebantur,
744 3173 900 3210 coacervare
917 3157 1017 3209 libros:
1039 3159 1109 3212 Iulio
1127 3176 1191 3212 vero
1206 3177 1299 3212 mense
1315 3177 1362 3211 so-

268 3231 339 3282 cium
367 3227 549 3280 adiunxerunt
573 3229 737 3292 Antonium,
763 3236 792 3280 et
821 3223 948 3297 deinceps
973 3227 1008 3279 ad
1029 3229 1206 3282 Decembrem
1224 3233 1362 3283 occultum

230 3317 233 3323 ’
268 3299 400 3370 gerebant
416 3299 519 3351 dolum.
554 3299 712 3366 interrogati
729 3315 792 3351 vero
809 3297 879 3350 falso
898 3298 1100 3368 respondebant
1118 3301 1221 3352 “libros
1237 3317 1363 3370 perscru-

267 3372 320 3424 tari
337 3371 454 3422 iniunxit
473 3373 630 3439 imperator,
648 3368 847 3440 quodquidam
864 3369 1094 3436 annuntiaverint,
1112 3371 1271 3423 brevissimo
1291 3379 1361 3423 tem-

267 3460 334 3513 pore
355 3440 507 3510 imperabis.
543 3440 624 3494 buius
644 3457 722 3492 causa
742 3455 854 3492 examen
873 3439 1064 3492 inatituimus.''
1100 3443 1171 3494 circa
1182 3442 1360 3494 Decembrem

268 3530 333 3566 vero
361 3529 480 3564 mensem
508 3511 564 3563 Leo
596 3508 764 3582 patriarchae
797 3511 929 3579 significat
957 3512 1122 3580 “imaginum
1142 3529 1223 3565 causa
1240 3514 1361 3584 populus

269 3582 432 3645 offenditur,
459 3581 594 3633 diceutesr
623 3598 746 3651 perverse
773 3580 913 3632 adoramus
934 3582 1012 3646 illas,
1033 3590 1061 3634 et
1079 3592 1224 3653 propterea
1243 3585 1360 3651 gentiles
1402 3565 1403 3651 l

270 3654 350 3706 uobis
379 3652 560 3704 dominantur.
597 3650 799 3705 condescende''
824 3651 922 3722 inquid
944 3652 1122 3718 “modicum,
1140 3663 1170 3706 et
1186 3653 1360 3708 moderamen

271 3723 306 3776 ad
324 3725 453 3794 populum
475 3723 554 3784 lrabe,
574 3731 601 3774 et
619 3740 688 3792 quae
711 3731 774 3775 suut
792 3722 898 3774 abiecta
920 3723 1112 3779 rescindamus.
1149 3727 1172 3777 εἰ
1191 3743 1245 3776 nou
1266 3743 1361 3777 assen-

271 3797 356 3857 tiaris,
375 3794 471 3846 exhibe
492 3802 520 3845 et
540 3793 669 3863 persuade
688 3794 764 3844 cuiue
782 3794 886 3862 gratia,
905 3796 1034 3865 scripturn
1053 3794 1121 3848 haec
1141 3797 1241 3850 diserte
1260 3796 1360 3848 nullibi

272 3875 426 3927 asserente,
456 3863 574 3916 adoretis
600 3863 755 3932 imagines.''
796 3861 940 3934 respondet
962 3865 1115 3935 patriarcba
1140 3867 1226 3918 “haec
1249 3884 1320 3937 quae
1344 3883 1360 3917 a

270 3936 406 4006 principio
425 3942 453 3987 et
469 3933 654 4006 superioribus
673 3933 840 4004 temporibus
853 3933 887 3985 ab
907 3935 1039 4003 sportulis
1056 3945 1085 3990 et
1104 3939 1227 4006 patribus
1245 3937 1360 3990 definita

271 4015 344 4072 aunt,
365 4006 442 4058 nulla
461 4007 566 4057 ratione
585 4007 751 4066 innovamus,
771 4022 822 4056 nec
838 4005 953 4074 amplius
971 4006 1039 4076 quid
1052 4007 1247 4062 moderandum
1267 4025 1361 4061 cense-

272 4093 330 4130 mus
349 4076 383 4128 ab
403 4075 527 4146 apostolo
546 4067 669 4128 diluente:
690 4077 713 4127 εἰ
730 4074 774 4126 vel
791 4077 901 4144 angelus
921 4075 956 4128 de
974 4077 1050 4129 caelo
1062 4079 1263 4134 annuntiaverit
1280 4095 1359 4149 prae-

272 4155 314 4200 ter
339 4145 367 4198 id
386 4146 458 4217 quod
487 4145 564 4198 vobis
594 4145 818 4210 denuntiavimus,
834 4146 976 4200 anathema
994 4149 1037 4200 sit.
1073 4165 1128 4220 qua
1147 4166 1210 4201 vero
1228 4149 1264 4202 de
1283 4165 1360 4201 causa
1400 4147 1401 4174 ³

273 4216 413 4272 adoramus
430 4233 535 4270 crucem
553 4223 581 4270 et
592 4217 772 4288 evangelium,
792 4216 884 4272 eadem
903 4219 1032 4288 imagines
1050 4237 1217 4285 veneramur,
1234 4219 1359 4292 quando·
1400 4181 1401 4263 ό
