2814 4898
414 301 786 401 caaouoeamrm.
1068 299 1142 374 ers

53 451 102 527 νός
123 445 169 517 ῶν
187 453 244 516 καί
263 448 360 526 αότός
381 453 436 518 καί
455 451 696 538 ὀνομαζόμενος,
720 451 830 540 καίμὴ
854 457 929 522 θέλε
942 454 1141 537 μολόνεσθοιι

54 553 253 634 Χριστιανῶν
276 550 380 629 δεξιός
399 555 531 633 αἵμασιν
557 550 735 635 όμοπίστων
755 557 970 640 Χριστιανῶν.
1014 549 1143 640 ἅνθρω-

53 673 106 724 πος
124 643 159 714 εἶ
173 648 230 714 καί
248 648 348 726 αότός
366 648 504 716 θόνατον
520 656 703 737 προσδοκῶν
720 655 776 718 καί
796 651 971 720 ἀνάστασιν
990 656 1047 720 καί
1066 655 1143 720 oist-

54 747 209 816 απόόοσιν.
260 747 400 834 σήμερον
429 749 603 837 όπόρχεις,
635 752 692 818 καί
721 747 834 839 αόριον
854 755 899 829 εἰς
921 752 1008 820 κόνιν
1029 756 1142 820 όιαλυ-

34 845 142 938 ὅθηση.
183 841 231 925 εἷς
251 849 387 934 αἱρετός
407 844 493 915 ἅπαν
515 856 703 935 κατασβέσει
724 849 760 916 τό
781 849 947 938 φρύαγμα.
989 851 1060 919 τίνα
1082 845 1141 918 σόν

53 949 138 1030 λόγον
157 947 273 1024 δώσεις
299 949 345 1035 τῷ
378 949 442 1037 θεῷ
474 951 545 1014 ἐκεῖ
562 949 711 1017 α’πελθῶν
732 951 812 1037 όπὲρ
832 955 896 1018 τῶν
915 949 1032 1018 ιῖόίκων
1052 977 1140 1036 σφα.

52 1049 126 1128 puis,-
147 1049 226 1136 ποίῳ
247 1044 405 1136 προσῶπηι
427 1051 471 1138 τῷ
483 1053 610 1138 φοβερῷ
623 1055 676 1115 καί
695 1055 805 1140 δικαίῳ
817 1053 1002 1126 ἕνατενίσεις
1022 1053 1116 1138 κριτῇ
1125 1078 1138 1133 3

51 1146 78 1209 si
92 1141 228 1210 πλοότου
247 1148 330 1230 ε’ρῶν
348 1147 449 1213 ταῦτα
470 1156 578 1229 ποιεῖς,
599 1149 659 1232 ε’γιό
682 1173 718 1215 σε
740 1147 923 1234 κατακόρως
944 1154 1003 1214 τοῦ
1022 1152 1169 1220 surdo-c
1240 1164 1242 1170 '

52 1247 205 1325 μουμὲνου
235 1244 394 1331 ἐμπλήσω.
435 1245 534 1329 μόνον
555 1245 682 1332 ἐπίσχες
702 1247 760 1334 την
781 1248 895 1330 δεξιόν,
916 1243 1059 1316 όσπασαι
1081 1248 1138 1335 τήν

22 1341 186 1428 λθείρήνην,
217 1343 379 1430 οἷγοίπησον
410 1347 466 1432 τὴν
485 1342 657 1433 όμόνοιαν,
679 1349 733 1414 ἵνα
754 1347 810 1414 καί
829 1347 925 1426 αότός
947 1354 1017 1431 βιόν
1039 1351 1138 1437 ζησης

51 1443 196 1527 εἰρηνικόν
215 1445 269 1508 καί
288 1443 490 1530 α’πρόγμονα,
512 1449 569 1512 καί
592 1445 622 1512 οἱ
642 1451 834 1531 Χριστιανοὶ
853 1448 1042 1515 παύσωνταί
1059 1472 1136 1514 ποτε

50 1545 106 1606 τῶν
132 1547 332 1628 συμφορῶν·
388 1548 428 1609 ου’
455 1548 549 1627 θέμις
583 1543 645 1632 γὰρ
673 1545 788 1623 adroic
819 1546 921 1633 αἴρειν
949 1544 1032 1614 dallo
1059 1553 1135 1614 καθ’

52 1639 251 1719 terestres!
291 1647 430 1710 τοσαῦτα
445 1636 503 1710 οὖν
523 1645 620 1711 stads
642 1644 659 1709 ό
678 1645 831 1730 βασιλεός
853 1651 1007 1732 ἐσίγησεν.
1048 1649 1135 1714 uide.

51 1727 129 1816 σθείς
155 1735 215 1808 οόν
242 1740 375 1826 Συμεῶν
401 1742 459 1830 τὴν
489 1743 605 1810 τούτου
631 1746 818 1813 ταπείνωσιν
847 1749 902 1812 καί
928 1743 1001 1824 τοός
1023 1746 1135 1830 λόγους

21 1841 139 1904 λόοότοό
161 1844 328 1908 ἐπένευσεν
355 1841 413 1928 την
434 1841 560 1930 εἰρήνην
589 1845 796 1930 ποιήσασθαι.
837 1845 1057 1927 α’σνιασόμενοι
1077 1839 1135 1911 οὖν

51 1931 193 2023 ἀλλήλους
216 1944 484 2028 όιεχωριλιθησαν,
505 1941 621 2029 όῶροις
639 1947 891 2028 μεγαλοπρεπέσι
911 1947 968 2010 τοῦ
978 1948 1135 2027 βασιλέως

50 2038 272 2120 δεξιωσαμένου
297 2039 351 2106 τόν
371 2045 535 2124 Συμεῶνα.
579 2039 596 2107 ό
623 2046 658 2107 δὲ
678 2042 755 2108 τότε
771 2047 967 2129 συμβέβηκεν
989 2045 1134 2130 διηγησο-

49 2161 99 2215 μαι
119 2136 285 2223 τεράστιόν
300 2165 329 2206 τι
349 2145 404 2208 καί
424 2151 490 2218 τοῖς
502 2141 542 2208 τό
557 2147 690 2207 τοιαῦτα
712 2146 891 2227 συγκρίνειν
908 2143 1010 2209 είόοσι
1031 2142 1135 2228 παρό-

51 2236 137 2312 όοξον.
179 2237 237 2302 δύο
266 2241 366 2326 φασίν
395 2233 508 2316 όετοός
535 2245 597 2306 τῶν
617 2245 775 2324 βασιλέων
795 2237 987 2322 όμιλοόνεων
1007 2235 1131 2306 ἄνωθεν

20 2336 142 2405 moderin
163 2337 371 2424 όπερνιτῆναι,
393 2331 470 2424 ἦξαί
486 2364 519 2406 τε
538 2339 594 2406 καί
621 2339 700 2425 πρός
721 2339 878 2424 α’λλήλους
898 2343 1053 2422 συμμίξαι
1075 2339 1130 2406 καί
1138 2355 1161 2408 D

51 2440 216 2516 παραυτίκα
238 2440 470 2526 διαζευχθῆναι
491 2439 645 2524 ἀλλήλων,
668 2440 722 2505 καί
743 2439 796 2506 τόν
812 2445 873 2522 μὲν
886 2443 942 2504 ε’πί
960 2440 1018 2525 τὴν
1038 2441 1131 2506 πόλιν

52 2535 153 2622 ἐλθεῖν,
171 2539 224 2603 τόν
246 2541 281 2604 δὲ
302 2540 357 2604 ε’πί
376 2538 435 2626 την
458 2539 585 2632 Θρηίκην
606 2543 787 2630 όιαπτῆναι.
829 2544 919 2606 τοῦτο
939 2537 968 2606 οἱ
991 2539 1131 2628 α’κριβῶς

110 2729 152 2783 20.
172 2733 295 2804 κλιίγξαι
309 2735 464 2802 Δαοπγαιιιε

53 2903 166 2960 percuter
185 2903 213 2948 et
231 2895 445 2948 Christianorum
464 2896 588 2950 dexteras
607 2897 686 2948 unius
706 2896 771 2948 fidei
782 2895 998 2948 Christianorum
1016 2891 1135 2963 sangui-'

53 2964 119 3016 nibus
136 2983 170 3016 ne
189 2967 331 3035 permittas
348 2963 447 3036 pollui.
493 2966 574 3019 homo
593 2969 695 3038 quippe
715 2984 759 3030 es,
781 2978 809 3020 et
826 2977 939 3020 mortem
958 2967 1017 3036 ipse
1036 2975 1064 3019 et
1084 2983 1130 3018 re-

54 3038 232 3089 surrectionem
260 3046 288 3090 et
313 3054 424 3108 operum
449 3039 657 3092 retributionem
685 3039 874 3110 praestolaris3
901 3037 1040 3106 hodieque
1069 3054 1129 3088 cum

54 3106 145 3170 existas,
164 3108 295 3160 crastinus
308 3109 365 3160 dies
384 3111 412 3160 irs
426 3109 564 3178 pulverem
584 3117 611 3162 te
623 3111 753 3164 resolvet:
773 3111 858 3160 febris
871 3108 915 3160 vel
931 3109 1010 3160 unica
1022 3125 1129 3159 omnem

54 3178 178 3245 extinguet
204 3181 369 3231 iactantiam.
414 3197 494 3250 quam
518 3182 600 3248 igitur
626 3180 661 3232 ad
690 3180 733 3231 dei
754 3181 876 3232 tribunal
895 3179 1056 3230 constitutus
1077 3193 1127 3247 pro

53 3247 163 3301 caedibus
181 3251 289 3301 iniustis
308 3250 360 3302 deo
385 3251 481 3304 reddes
499 3251 648 3304 rationem?
694 3269 749 3322 quo
767 3251 843 3303 vultu
862 3251 890 3300 in
909 3248 1078 3301 tremendum
1099 3256 1128 3300 et

52 3313 136 3369 iustum
154 3321 272 3372 iudicem
292 3323 384 3372 oculos
404 3321 547 3376 intendes?
582 3323 604 3374 si
627 3321 781 3374 divitiarum
792 3321 940 3390 cupiditate
958 3319 1054 3370 ductus
1074 3317 1127 3368 hoc

53 3389 104 3452 agis,
122 3407 168 3458 ego
197 3391 233 3442 acl
251 3394 404 3444 satietatem
431 3409 532 3464 usque,
552 3409 584 3443 eo
604 3391 679 3466 quod
705 3393 851 3454 desideras,
869 3389 1001 3460 implebo.
1038 3389 1126 3440 solum

52 3460 145 3512 contine
162 3461 309 3525 dexteram,
331 3461 494 3532 enrplectere
517 3479 619 3533 pacem,
640 3461 722 3532 dilige
740 3461 921 3524 concordiam,
942 3468 972 3512 ut
990 3466 1018 3511 et
1036 3466 1065 3512 tu
1083 3460 1127 3510 vi-

52 3531 96 3577 lan
111 3548 168 3598 agas
180 3533 355 3603 tranquillam
369 3543 397 3586 et
413 3533 604 3587 sollicitudinis
623 3531 816 3603 expertem‚‘et
833 3529 1034 3584 calamitatibus
1054 3547 1127 3612 non:

52 3596 108 3650 nihil
124 3603 267 3656 Christiani
292 3603 477 3658 subleventur.
521 3606 598 3658 nefas
617 3607 689 3656 enim
717 3613 758 3657 est
777 3604 903 3656 adversus
922 3599 1042 3653 eiusdem
1062 3599 1127 3651 lider

52 3663 158 3724 honines
175 3683 202 3727 te
220 3691 293 3726 arma
311 3679 445 3727 movere.'’
481 3676 525 3728 his
546 3675 625 3728 dictis
642 3678 788 3744 imperator
805 3675 899 3726 tacuit.
938 3673 1048 3724 Simeon
1067 3671 1126 3722 eius

52 3739 247 3797 moderationem
267 3754 295 3798 et
314 3749 373 3798 eius
392 3763 528 3799 sermones
546 3765 604 3798 cum
629 3745 792 3798 verecundia
809 3747 919 3796 miratus
938 3759 1031 3813 pacem
1051 3757 1127 3792 com-

52 3813 105 3872 poni
122 3818 221 3868 annuit.
264 3834 323 3868 cum
342 3819 422 3886 igitur
440 3817 492 3868 sibi
510 3819 570 3870 vale
591 3815 730 3880 dixissent,
752 3815 943 3876 discesserunt,
961 3815 1126 3882 imperatore

52 3885 177 3948 magnificis
196 3887 352 3940 muneribus
378 3889 531 3940 Simeonem
559 3889 722 3940 cumulante.
768 3886 842 3956 quorl
860 3902 922 3938 vero
944 3891 1009 3935 tuuc
1027 3881 1127 3936 accidit

52 3953 147 4006 narrabo
164 3956 316 4026 prodigium
328 3975 420 4010 eorum
437 3961 518 4010 etiam
540 3960 588 4028 qui
605 3960 673 4010 haec
691 3957 841 4009 diiudicant
859 3955 938 4007 sulem
951 3969 1126 4024 exsuperans.

53 4021 197 4094 principibus
218 4030 321 4098 quippe
339 4030 559 4100 colloquentibus
578 4031 682 4098 aquilas
700 4029 765 4079 duas
790 4027 906 4096 desuper
924 4027 997 4096 ipsos
1018 4025 1124 4076 volasse

52 4103 194 4168 praestoque
221 4098 363 4151 advenisse
391 4109 419 4152 et
439 4099 473 4152 ad
501 4101 617 4152 invicem
635 4101 788 4151 commixtas
812 4098 915 4160 (lictant,
935 4105 963 4148 et
981 4096 1123 4148 confestim

53 4157 80 4208 ab
97 4162 201 4224 invicem
216 4169 375 4235 disiunctas,
393 4169 463 4226 hanc
480 4171 591 4246 quidem
610 4170 645 4224 ed
667 4161 764 4226 urbem
782 4168 941 4235 advolasse,
958 4168 1039 4224 aliam
1057 4183 1121 4221 reru
