2882 4894
265 341 336 414 rua
569 317 740 433 [nsours
770 318 1061 433 enauurrrcr]

261 512 403 600 ἑκάστην,
424 514 481 580 καί
498 515 791 598 παροχειμάζοντες
820 519 856 581 όν
878 517 924 604 τῷ
943 515 1047 604 κόλπῳ
1067 515 1124 581 καί
1144 515 1285 609 Κυζίκῳ,
1305 523 1354 587 ε’πί

242 607 341 702 1ἰεπτά
372 611 426 697 ἔτη
459 617 669 695 πολεμοῦντες
688 614 1028 682 Κωνσταντινοάπολιν.
1085 615 1125 702 τῇ
1145 617 1181 682 δὲ
1201 621 1259 682 τοῦ
1279 625 1353 684 θεοῦ
1423 615 1424 666 i

261 713 372 796 χάριτι
392 716 699 797 καταπολεμηθέντες
722 713 784 778 όπά
808 717 873 777 τών
895 713 1079 792 Βυζαντίων
1100 713 1162 779 άπὸ
1182 719 1243 781 aori
1263 743 1352 803 σερα.
1423 727 1424 776 i

261 816 320 877 τοό
340 815 401 877 τών
423 815 679 897 Κιβυρραιωτών
713 807 809 887 αὖθις
838 817 1065 896 πολεμηθέντες
1086 808 1281 900 ἡττήθησαν,
1302 821 1351 900 ἑμ-

263 914 469 995 πρησθὲντων
490 914 547 975 καί
566 915 627 976 τών
645 917 763 976 πλοίων
792 913 899 976 αάτών
929 907 989 976 άπό
1014 915 1071 976 ruri
1090 910 1277 992 ὑδατώδους
1297 928 1372 980 rra-5
1423 943 1424 972 ι

263 1007 331 1093 ρός.
374 1008 566 1086 Καλλίνικος
586 1009 646 1096 γάρ
672 1033 722 1086 τις
746 1013 939 1096 άρχιτίκτων
961 1008 1023 1074 α’πό
1042 1009 1276 1094 Ἡλιουπόλεως
1295 1020 1353 1080 Συ·
1423 1041 1424 1075 r

262 1110 336 1193 ρίας
356 1105 553 1194 προσφωνῶν
583 1116 651 1185 τοῖς
674 1108 846 1189 Ῥωμαίοις
874 1110 938 1192 πάρ
961 1106 1060 1194 tyana
1084 1112 1227 1196 α’ρχήθεν
1249 1115 1354 1190 αότοῖς
1423 1143 1424 1174 ι

262 1209 480 1294 κατεσκεύασε,
499 1208 554 1272 καί
573 1206 612 1272 τά
634 1210 698 1276 τῶν
712 1209 861 1292 Ἀράβων
880 1205 988 1295 σκάφη
1003 1211 1207 1294 καταπρήσας
1230 1213 1353 1296 σόμφυ.
1423 1243 1424 1248 1

262 1333 309 1391 χα
328 1307 481 1372 άπώλεσε.
504 1310 560 1374 καί
581 1302 681 1384 οάτως
701 1308 731 1374 οἱ
748 1308 900 1390 Ῥωμαῖοι
920 1306 1001 1391 μετά
1025 1313 1110 1396 νίκης
1124 1313 1263 1399 μεγάλης
1282 1313 1352 1380 άπέ-
1423 1363 1424 1368 .

263 1423 415 1494 στρεψαν,
436 1407 535 1472 ἔκτοτε
557 1405 654 1493 άχρὸν
675 1411 740 1493 πάρ
765 1407 961 1493 ἐφευρόντες.
1360 1421 1384 1473 10

347 1510 507 1591 Εἰσῆλθεν
529 1511 565 1574 δὲ
583 1509 613 1574 οἱ
629 1497 824 1595 Μαρδάΐται
844 1511 890 1584 εἰς
908 1512 965 1577 τόν
985 1515 1129 1597 Λίβανον
1150 1512 1281 1598 Συρίας,
1304 1517 1353 1578 καί
1423 1525 1424 1560 ³

264 1608 442 1693 insusurras
467 1607 576 1676 αάτάν.
619 1613 673 1674 καί
692 1613 829 1684 Μαυίας
850 1615 1003 1696 φοβηθείς
1028 1615 1157 1701 σφόδρα
1175 1617 1353 1680 ἀποστέλλει
1423 1641 1424 1654 ¹

206 1787 208 1794 Ι
264 1711 413 1790 πρέσβεις
433 1706 514 1792 πρός
544 1707 602 1773 τόν
621 1713 767 1792 βασιλέα,
795 1711 893 1793 ζητιόν
914 1711 1051 1800 εἰρήνην,
1073 1713 1288 1797 ὑποσχόμενος
1307 1713 1354 1778 καί

264 1804 374 1891 ἐτήσια
396 1807 511 1874 πάκτα.
553 1807 571 1871 ό
593 1811 629 1874 δὲ
650 1807 799 1890 βασιλεῦς
821 1807 896 1884 τοάς
923 1813 1069 1896 πρέσβεις
1091 1810 1260 1894 δεξάμενος
1281 1815 1353 1879 τίπο-

265 1909 388 1974 στὲλλει
408 1904 467 1974 σόν
497 1911 606 1992 αἰτοῖς
624 1907 771 1994 Ἰωάννην
792 1908 954 1993 πατράιιον
981 1910 1036 1978 τόν
1059 1913 1294 1998 Πιτζογόβδην,
1316 1909 1383 1988 sirit
1423 1939 1424 1944 ¹

266 2011 455 2100 πολυπειρία
490 2009 546 2078 καί
581 2007 735 2095 φρονήσει
770 2013 1031 2094 κεκωσμημίνον,
1061 2015 1271 2096 διαλεχθῆναι
1297 2021 1354 2087 τοῖς
1423 2039 1424 2050 ¹

258 2098 430 2188 ’Ἀραψιπ
462 2112 525 2174 τών
556 2111 591 2174 δὲ
610 2108 759 2190 Ἀράβων
785 2109 1022 2190 θαυμασάντων
1049 2110 1106 2195 τήν
1134 2111 1287 2196 φρόνησιν
1307 2113 1355 2180 καί
1423 2147 1424 2171 ;

266 2206 430 2291 α’χχίνοιαν
451 2212 560 2294 αάτοό,
581 2207 811 2294 συνεφώνησαν
842 2209 995 2292 παρέχειν
1012 2211 1182 2290 Ῥωμαίοις
1204 2217 1273 2274 κατ’
1291 2207 1353 2283 ἔτος

265 2311 392 2393 χρυσοό
417 2307 566 2392 χιλιάδας
596 2310 673 2374 δέκα
701 2307 756 2374 καί
786 2307 1007 2388 αἰχμαλώτους
1033 2308 1183 2392 χιλιάδας
1210 2307 1287 2376 άκτώ
1307 2306 1355 2372 καί
1423 2353 1424 2374 r

268 2409 385 2485 ἵππους
418 2409 556 2491 εάχενεῖς
576 2405 773 2492 πεντήκοντα.
813 2409 914 2475 ταῦτα
942 2407 1115 2496 ἐστοιχήθη
1137 2411 1286 2475 δίδοσθαι
1309 2404 1384 2472 ε’πίλθ
1423 2439 1424 2468 r

267 2506 395 2591 χρόνοις
418 2507 604 2592 τριάκοντα,
634 2501 714 2572 ώστε
746 2501 827 2572 εἶναι
859 2513 1012 2573 πλατεῖαν
1032 2509 1159 2594 εἰρήνην
1181 2503 1351 2590 άναμεταξό
1423 2541 1424 2570 r

265 2600 415 2694 Ἀράβων
434 2613 490 2673 καί
505 2607 685 2689 Ῥωμαίων.
727 2601 878 2680 ώσαότως
900 2611 956 2672 καί
976 2604 1006 2671 οἱ
1027 2606 1065 2671 τά
1086 2601 1220 2694 ἑσπέρια
1244 2609 1352 2673 οἰκοόν-
1423 2637 1424 2670 ι

269 2729 320 2781 τες
342 2709 483 2791 Ensibus,
514 2701 532 2771 ό
554 2731 587 2773 τε
607 2707 746 2790 χαγάνος
775 2704 831 2770 καί
853 2704 882 2770 οἱ
902 2710 1045 2772 ἐπέκεινα
1065 2707 1158 2794 ρ’ήχες
1181 2712 1235 2772 καί
1258 2704 1286 2771 οἱ
1305 2704 1352 2770 κά·

269 2809 409 2896 οταλδοι,
432 2810 521 2894 δῶρα
542 2811 587 2896 τῷ
602 2812 731 2890 βασιλεῖ
746 2811 924 2884 στειλαντες
942 2808 1100 2896 ήτήοαντο
1121 2805 1259 2897 εἰρήνην.
1281 2801 1363 2885 εἶξεν

343 2983 385 3036 ab.
405 2985 454 3038 καὶ
470 2982 523 3036 add
542 2983 682 3037 Cramerus

270 3161 320 3198 nos
338 3144 441 3196 bellum
467 3144 573 3215 Cpolirn
596 3155 743 3216 gesserunt.
780 3147 825 3198 dei
848 3155 939 3199 autem
967 3149 1051 3216 gratia
1067 3147 1153 3199 victus
1174 3163 1191 3198 a
1210 3143 1351 3214 Byzantinis
1423 3179 1424 3202 3

271 3217 354 3268 rediit
370 3216 470 3285 impius
488 3219 638 3280 exercitus,
656 3226 684 3272 et
700 3219 729 3270 in
749 3218 846 3272 itinere
870 3236 886 3269 a
912 3218 1130 3286 Cibyraeotarurn
1158 3220 1278 3270 exercitu
1306 3219 1351 3267 ite·

271 3305 330 3340 rum
356 3289 435 3340 aunis
451 3289 540 3358 ¹petiti
557 3298 585 3340 et
601 3290 683 3354 victi,
713 3297 785 3353 sunt,
817 3289 932 3342 navibus
958 3293 1020 3358 igne
1046 3290 1180 3342 maritimo
1210 3288 1351 3340 combustis.

270 3358 417 3412 Callinicus
435 3361 506 3411 euim
526 3359 686 3412 architectus
708 3360 817 3430 quidam
838 3360 871 3411 ab
892 3361 1048 3430 Heliopoli‚
1069 3360 1161 3428 Syriae
1182 3359 1263 3420 urbe,
1281 3373 1351 3428 quurn

269 3432 305 3482 ad
323 3433 456 3484 Romanos
475 3431 677 3497 transfugisset,
696 3431 953 3511 ignemohumirlurn
983 3433 1123 3486 inventum
1151 3431 1185 3482 iis
1211 3431 1313 3500 paravit
1329 3434 1351 3476 et

269 3501 385 3554 Arabum
412 3517 493 3554 naves
511 3503 670 3554 comburens
688 3520 741 3554 una
761 3519 821 3552 cum
847 3502 1002 3554 hominibus
1027 3501 1154 3571 perdidit.
1190 3503 1231 3555 ita
1254 3497 1351 3552 Romani
1423 3527 1424 3552 ;

269 3588 366 3641 magna
384 3589 444 3626 curn
461 3573 574 3626 victoria
594 3573 744 3634 redierunt,
761 3574 823 3640 igne
841 3573 953 3624 humido
974 3576 1097 3626 invento.

340 3645 454 3712 ingressi
468 3651 559 3696 autem
573 3643 723 3696 Mardaitae
733 3643 863 3696 Libanum
878 3652 1085 3713 occupaverunt.
1122 3651 1149 3696 et
1163 3643 1264 3696 Marias
1283 3638 1350 3696 valde

271 3717 413 3769 exterritus
431 3717 534 3783 legatos
553 3716 627 3768 misit
644 3715 678 3766 ad
696 3731 793 3784 regem,
807 3732 900 3784 pacem
921 3724 1064 3784 petentes,
1085 3715 1238 3766 concedens
1262 3713 1351 3766 tributa

201 3797 205 3806 ·
270 3803 369 3840 annua.
414 3803 476 3850 rex,
495 3786 591 3854 legatis
612 3786 721 3850 auditis,
739 3787 814 3840 misit
829 3803 889 3837 curn
913 3787 948 3838 iis
967 3789 1095 3838 Ioannem
1113 3787 1257 3856 patricium
1274 3784 1351 3836 Pius·

271 3856 393 3924 gabdem‚
411 3859 458 3927 qui
485 3858 585 3926 peritia
612 3866 640 3910 et
668 3857 815 3928 prudentia
835 3865 947 3910 ornatus
967 3874 1027 3908 cum
1047 3857 1350 3926 Arabibusjoqueretur·

258 3933 353 3998 'quum
372 3928 454 3979 buius
472 3929 642 3998 prudentiam
661 3937 689 3980 et
707 3945 822 3980 acumen
841 3929 1002 3980 mirarentur
1018 3929 1130 3992 Arabes,
1150 3929 1275 3980 convenit
1290 3927 1350 3975 inter

271 4015 326 4060 eos,
338 4001 462 4050 Romanis
473 4001 620 4068 quotannis
632 3999 689 4050 dari
705 4000 792 4050 millia
810 3999 843 4051 10
856 4001 922 4064 auri,
936 4016 1071 4054 servorum
1085 4008 1147 4052 octo
1164 3999 1260 4061 miliia,
1278 4008 1349 4065 equos

267 4085 413 4136 generosos
425 4064 467 4120 50.
479 4069 553 4122 'baeu
568 4088 654 4122 anuos
671 4069 706 4123 30
725 4079 755 4122 ut
773 4069 910 4132 darentur,
929 4072 1106 4122 constitutum
1121 4078 1170 4133 est,
1184 4071 1223 4120 ita
1243 4079 1271 4120 ut
1281 4069 1349 4145 longa

269 4155 322 4207 pan
344 4147 416 4192 esset
433 4142 504 4192 inter
522 4141 621 4197 Arabes
641 4149 669 4194 et
685 4143 828 4194 Romanos.
875 4140 971 4194 eadem
989 4143 1093 4192 ratione
1111 4140 1229 4208 Scythae
1244 4141 1272 4190 in
1290 4149 1350 4189 ocer-

271 4211 353 4270 deate
371 4209 526 4266 habitantes
544 4221 572 4266 et
587 4211 731 4284 Clraganus
750 4221 778 4266 et
799 4228 872 4282 reges
901 4213 940 4266 ibi
959 4221 1103 4283 regnantes
1124 4221 1152 4266 et
1174 4208 1291 4266 Castaldi
1306 4205 1348 4258 do·
