2834 4898
413 281 782 349 ettttONoGttAPHm.
1062 282 1131 354 193

65 461 134 518 σορα
149 430 199 498 τόν
225 431 446 518 σ’νδρόδελφον
474 432 593 516 αὐτῆς·
638 433 695 510 σός
716 438 848 520 δείρσσσ
871 440 925 501 καί
948 435 1134 523 δημεόσασα

65 536 191 617 ἐξώρισεν
220 535 254 598 ἐν
284 530 449 616 διαφόροις
479 532 594 614 τόποις,
616 533 688 610 τοός
719 538 753 598 δὲ
776 537 1015 624 α’νδραδέλφους
1038 541 1136 623 ου’τῆς
1207 604 1210 612 ,

65 629 216 716 Καίσαρός
237 655 271 697 τε
302 631 359 696 καί
383 637 621 714 νουβελισίμους
652 629 847 718 α’ποκείριισα
880 635 1062 719 ἱερατεῦσαι
1081 642 1136 703 καί

63 735 237 812 μεταδοῦναι
260 733 303 820 τρῖ
324 733 391 818 λαιρῖ
404 733 568 814 πεποίηκεν
591 731 624 796 ἐν
645 737 683 818 τῇ
703 729 798 822 ἑορτῇ
818 737 872 819 τῆς
894 741 1040 818 Χριστοῦ
1062 761 1136 822 γεν-

46 830 171 914 ὀνήσεως,
192 831 227 893 ἐν
247 821 269 916 ᾗ
291 831 347 892 κατ’
367 833 564 914 προελθοῦσα
585 835 755 912 βασιλικῶς
778 835 913 922 δημοσίᾳ
933 833 993 900 σόν
1013 838 1058 924 τῷ
1077 835 1137 923 υἱῷ

61 926 232 1012 προσήνεγκε
269 931 308 1016 τῇ
339 927 485 1014 ἐκκλησίᾳ
511 925 545 992 τό
578 927 639 992 aiud
669 935 728 994 τοῦ
756 930 872 1016 α’νδρός
905 934 1003 1020 αὐτῆς
1037 938 1138 1020 ἀρθὲν

62 1032 182 1110 στέμμα,
205 1029 477 1092 ἑπικαλλωπισθὲν
499 1026 552 1091 διό
574 1034 787 1113 μαργαριτῶν.

129 1129 175 1190 Ἐν
196 1129 231 1190 δὲ
253 1130 296 1214 τη]
309 1129 419 1212 μακρῷ
439 1127 538 1210 τείχει
560 1120 722 1212 ἅνθρωπός
744 1155 791 1205 τις
815 1128 954 1214 ὀρύττων
968 1124 1041 1217 εὗρε
1062 1133 1138 1218 λα’ρ-

64 1253 129 1290 νακα
157 1229 212 1290 καί
239 1229 351 1291 τοῦτον
384 1225 605 1302 οἷποσκεπόσας
632 1221 714 1294 εἶδεν
746 1223 847 1314 ἄνδρα
878 1235 1018 1312 κείμενον
1039 1238 1140 1317 μέγαν

37 1328 169 1406 λλνεκρόν,
197 1329 253 1390 καί
280 1323 450 1410 γράμματα
483 1328 734 1408 ἐγκεκολαμμένα
756 1334 799 1413 τῷ
819 1330 950 1414 λάρνακι
973 1335 1138 1419 γράφοντα

63 1427 127 1488 τόδε
158 1422 319 1508 ι(Χριστός
349 1429 455 1504 μέλλει
478 1429 650 1506 γεννᾶσθαι
673 1431 707 1490 ἐκ
738 1433 793 1511 τῆς
815 1433 973 1512 παρθένου
995 1430 1138 1515 Μαρίας,

63 1526 108 1588 καί
121 1521 255 1603 πιστεόω
276 1525 321 1598 εἰς
342 1522 449 1588 αότόν.
468 1525 521 1588 ε’πί
543 1527 578 1588 δὲ
594 1527 838 1592 Κωνοταντίνου
860 1528 913 1592 καί
922 1528 1054 1616 Εἰρήνης
1075 1535 1138 1596 ταῖν

62 1628 202 1705 βασιλέων
222 1622 317 1688 πόλιν
339 1616 366 1688 οδ
389 1619 457 1707 ἥλιε
479 1617 554 1707 όψει
574 1633 647 1705 με.”

133 1726 309 1788 Ἀπέστειλε
347 1726 382 1788 δὲ
408 1724 528 1808 Εἰρήνη
569 1722 649 1808 πρός
681 1723 851 1808 Κόρουλον
879 1730 935 1792 τὸν
963 1727 1045 1812 ῥῆγα
1075 1731 1138 1795 τῶν

36 1819 219 1906 λδΦρόγγων,
250 1817 337 1896 ὅπως
366 1820 422 1908 την
453 1823 553 1887 αὐτοῦ
578 1827 739 1908 θυγατέρα
767 1825 987 1912 νυμφεόσηται
1017 1829 1063 1904 εἷς
1080 1825 1138 1893 τόν

64 1920 123 1984 υἱόν
142 1922 251 2005 αὐτῆς.
294 1922 374 1988 α’λλό
396 1925 508 1988 τοότου
537 1924 817 2009 διασκεδασθέντος
838 1923 954 2014 φθόνῳ,
975 1921 1069 2010 ἤγαγε
1086 1927 1139 1990 κό-

63 2046 110 2106 ρην
129 2025 161 2087 ἐκ
181 2025 242 2086 tuin
262 2023 476 2106 Ἀρμενιακῶν
497 2020 628 2103 ὀνόματι
652 2026 796 2110 Μαρίαν,
819 2029 874 2089 καί
891 2023 1015 2105 ἔζευξεν
1039 2025 1140 2108 αὐτὴν

64 2121 277 2209 Κωνστοιντίνιρ
310 2125 353 2208 τῷ
374 2121 434 2209 υἱῷ
454 2122 566 2204 ου’τῆς,
595 2115 710 2186 όκοντα
731 2126 784 2189 καί
806 2123 851 2207 μὴ
875 2122 1063 2207 βουλόμενον
1083 2123 1138 2188 διό

30 2259 33 2270 ·
65 2218 110 2300 τὴν
129 2223 236 2302 σχέσιν
267 2214 307 2302 ἢν
334 2214 401 2304 εἶχε
422 2218 501 2304 πρός
530 2221 587 2305 τήν
609 2221 778 2304 Καροόλου
799 2226 970 2304 θυγατέρα.
1009 2220 1139 2304 Ἀορών

36 2318 93 2380 ott
111 2316 126 2382 ό
145 2323 207 2382 ταῖν
228 2314 370 2404 Ἀράβων
394 2317 533 2403 α’ρχηγὸς
554 2318 634 2386 κατὰ
655 2324 710 2404 τῆς
730 2319 850 2397 πόλεως
869 2315 967 2406 ἦλθεν
987 2324 1020 2387 ἑν
1038 2320 1138 2404 μεγό-

66 2421 96 2502 λη
116 2419 265 2503 δυνάμει,
296 2418 350 2482 καί
381 2415 601 2501 περιεκόθισεν
631 2422 665 2484 ἐν
692 2415 906 2502 Χρυσοπόλει.
931 2419 965 2483 mi
988 2420 1137 2501 δδβοισι-

66 2513 124 2592 λεός
140 2520 269 2598 πέμψας
300 2514 378 2582 λαόν
408 2515 463 2601 τὴν
484 2520 593 2600 λίμνην
619 2521 728 2602 Βανῆς
754 2517 916 2603 ἐκρότησε,
937 2517 992 2582 καί
1011 2515 1138 2604 εἰρήνην

67 2613 109 2680 διό
125 2620 214 2680 τοῦτο
238 2613 254 2680 ὃ
277 2611 391 2700 'Apum
413 2619 588 2694 ἐξαιτεῖται.
610 2622 888 2701 συναρπασθέντες
910 2609 966 2682 οὖν
987 2619 1041 2683 εἰιδ
1058 2619 1137 2681 tori..

66 2736 111 2778 του
129 2710 201 2782 όνευ
224 2715 328 2801 λόγου,
351 2714 430 2799 πρός
454 2715 554 2782 αότόν
577 2721 709 2800 ἐξῆλθον
732 2720 856 2803 Πέτρος
887 2722 1060 2803 μα’γιστρος
1082 2718 1138 2784 καί

67 3004 130 3060 bonis
146 3009 258 3078 privavit
278 3009 352 3059 etin
370 3007 521 3058 varioloca
540 3007 684 3076 relegavit3
711 3008 835 3060 Caesares
856 3017 946 3062 autem
966 3013 1056 3063 mariti
1077 3013 1135 3064 fra-

66 3083 109 3128 tres
125 3088 149 3131 et
157 3079 340 3132 nobilissimos
359 3095 418 3128 raso
436 3078 525 3146 capito
546 3078 698 3130 sacerdotes
717 3078 783 3132 fecit
800 3097 900 3148 eosque
917 3083 1044 3134 natalicio
1053 3082 1133 3136 Chri·

67 3149 94 3197 sti
110 3149 171 3202 festo
194 3152 276 3203 sacris
303 3149 433 3218 populum
459 3150 597 3217 impertire
626 3151 732 3217 coegit,
755 3168 809 3221 quo
834 3150 877 3202 dio
896 3153 968 3220 regio
987 3162 1082 3223 ornatu
1103 3154 1133 3204 in

66 3218 184 3284 publicum
202 3237 340 3290 progressa
359 3217 460 3272 obtulit
477 3221 589 3272 ecclesia
610 3220 760 3272 ablattmn
785 3222 883 3274 marito
911 3239 1037 3276 coronam
1060 3239 1132 3275 mar-

66 3291 140 3355 garitis
156 3301 284 3344 ornatam.

122 3363 150 3413 In
165 3365 266 3432 magnis
285 3360 426 3414 moenibus
446 3359 528 3414 homo
551 3360 661 3430 quidam
678 3361 751 3412 inter
771 3359 918 3413 fodendum
939 3363 968 3414 in
985 3379 1071 3414 arcam
1089 3363 1134 3416 in·

67 3427 129 3494 cidit,
141 3433 167 3485 in
183 3451 236 3504 qun
254 3441 348 3502 aperta
368 3448 493 3498 magnum
522 3432 606 3482 virum
627 3431 770 3499 conspexit
788 3441 922 3484 mortuum
943 3441 971 3486 st
990 3433 1073 3486 verba
1091 3451 1135 3485 ar·

67 3514 105 3552 cao
120 3505 194 3556 incisa
211 3504 292 3556 haec:
313 3501 454 3553 “Christus
473 3511 596 3554 nascetur
614 3503 727 3554 eMnria
737 3503 848 3570 virgins,
863 3505 946 3572 inquo
964 3521 1024 3555 eum
1045 3504 1134 3569 credo,

68 3568 226 3627 Constantino
247 3581 337 3626 autem
357 3581 385 3624 et
402 3575 479 3624 Irene
499 3573 682 3640 regnantibus,
703 3589 792 3624 rursus
809 3589 862 3635 me,
884 3575 933 3636 sol,
952 3573 1081 3649 videbis?

125 3645 194 3698 Misit
210 3649 288 3698 Irene
309 3643 345 3695 ad
362 3643 504 3707 carolum,
530 3645 691 3696 Francorum
719 3659 823 3710 regem,
851 3651 881 3694 nt
908 3644 991 3695 filiam
1010 3647 1067 3696 eins
1085 3661 1134 3696 suo

68 3709 114 3762 filio
128 3715 154 3768 in
170 3716 368 3768 matrimonium
386 3723 517 3782 posceret.
563 3714 611 3766 sod
627 3721 707 3782 pacto
724 3713 826 3766 invidia
844 3722 934 3782 rupto,
957 3731 991 3766 ετ
1009 3717 1144 3779 Armenia„

68 3784 168 3848 pueliam
193 3788 303 3839 nomine
322 3785 433 3836 Mariam
451 3784 564 3836 adduxit
592 3792 619 3836 et
638 3784 816 3836 Constantino
843 3785 901 3836 filio
926 3801 1036 3838 uxorem
1057 3784 1137 3839 dedit
1214 3821 1219 3828 ·

68 3851 139 3905 invito
156 3857 320 3918 etnolenti,
349 3855 423 3926 qnod
442 3855 531 3906 Caroli
558 3855 639 3906 filiam
666 3855 845 3924 praeferebat.
894 3857 1000 3917 Aaron,
1019 3857 1134 3908 Arabum

69 3919 122 3986 dun,
139 3931 233 3995 magnis
251 3928 337 3996 copiis
357 3936 449 3978 contra
468 3925 559 3976 urbem
578 3926 717 3995 profectus
737 3923 915 3994 chrysopolin
937 3925 1052 3978 obsedit.
1089 3945 1135 3981 rex

69 3997 195 4050 exercitum
211 3999 285 4050 misit
310 4006 338 4050 et
357 3997 441 4048 Bonos
468 3996 528 4048 lacu
548 3998 650 4064 potitus
668 4003 822 4064 est,¹quam
844 3996 878 4048 ob
898 4013 952 4046 rem
970 3999 1069 4050 Arabes
1087 4015 1136 4068 pa-

70 4077 116 4114 cem
133 4071 218 4136 potiit3
237 4069 285 4120 hac
304 4085 331 4119 re
345 4067 451 4140 decepti
467 4068 542 4118 nutta
560 4068 703 4136 sponsione
723 4067 793 4118 sacta
806 4067 896 4117 Petrus
914 4071 1137 4136 παρακαθῆσ-

71 4135 144 4186 tacius
171 4139 306 4206 logotheta
332 4139 434 4210 aliique
463 4138 572 4208 plurimi
600 4139 768 4207 magistratus
786 4137 820 4188 ad
838 4153 896 4188 sum
915 4141 1049 4206 exierunt,
1069 4157 1137 4211 qnos

113 4247 162 4302 lto
181 4251 378 4304 Gratumcrtt'cut
903 4248 949 4302 =13
