2838 4902
206 329 261 395 DE
277 322 586 394 Tunssnnomct
605 323 633 388 l
651 322 811 390 LATlNlS
830 321 975 390 cnm.
1064 319 1136 392 383

56 485 183 569 ιιιιλοιτίῳ
204 483 259 546 καί
282 476 312 545 οἷ
333 478 477 565 nidulari,
498 474 697 558 δ’Μανουὴλ
717 477 772 538 κατ’
798 474 815 537 o‘
833 476 984 560 Ἰωάννης,
1005 471 1085 560 πρὸς
1102 475 1141 543 δὲ

56 583 103 648 καί
126 580 410 666 ὅτιρωτοστροὶτωρ
430 579 584 658 Ἀλέξιος,
620 574 669 640 ἔτι
704 578 739 639 δὲ
761 573 850 640 καίό
880 572 1038 658 ἔπαρχος·
1077 575 1139 639 τῶν

57 687 87 747 δὲ
105 683 216 746 λοιπῶν
243 677 275 745 οἶ
303 682 362 761 μὲν
380 678 582 764 ἆφὲίθησαν,
605 678 734 759 α’ληθῶς
753 678 813 756 μὲν
831 679 876 752 τίς
896 673 994 740 ἕωλον
1014 675 1140 738 δεῖπνον

57 789 115 856 τοῖς
131 781 333 863 βουλομένοις
364 780 472 843 ον’τοιῖν
501 773 738 859 θοινῆστισθαι,
773 780 974 861 φαινομένως
1000 775 1037 840 δὲ
1057 773 1139 837 κατὰ

38 884 158 967 ὅφιλίαν
178 879 232 944 κατ’
257 876 293 944 τὸ
322 871 403 942 εἶναι
425 877 621 962 α’νιίιιοτιτοι,
644 873 673 938 oi
695 877 730 940 δέ
749 898 832 951 τινες
854 876 1017 940 α’σώλοντο
1039 875 1140 938 κοιλί-

56 1005 109 1056 κως
127 983 181 1044 καί
200 975 243 1054 ὥς
265 979 322 1042 οὐκ
341 971 382 1042 ἄν
401 1000 448 1050 τις
469 973 578 1040 ἴδοιτο.
619 979 731 1040 πολλοὶ
754 978 789 1042 δὲ
805 977 861 1039 καί
876 976 1030 1062 ὑπερορίᾳ
1051 969 1139 1039 triv-

55 1103 98 1152 τις
116 1081 305 1143 ἐδικαίωσαν
338 1071 489 1148 ἑαυτούς·
543 1064 589 1138 ὧν
615 1067 653 1157 ἦν
672 1073 764 1138 naid
794 1071 890 1151 καλὸς
910 1074 1138 1156 Λατιαρδᾶς,ὅ

55 1174 205 1262 ιιοῖνσοφος
231 1177 270 1241 τὰ
304 1171 511 1260 στρατηγικά,
540 1171 576 1238 ὃν
595 1170 708 1258 ἱέρακα
736 1170 789 1238 δια
820 1173 856 1237 τὸ
881 1176 936 1258 τῆς
957 1169 1140 1259 φρονήσεως

55 1277 102 1342 καὶ
120 1275 152 1342 τό
188 1273 265 1341 κατὰ
288 1278 404 1360 πρᾶξιν
434 1272 623 1352 σ’ξυιτπὲςὸ
651 1277 713 1338 τοῖν
738 1271 888 1358 Τούρκων
911 1269 1049 1337 σουλτοὶν
1069 1275 1140 1335 σ’νο-

25 1375 155 1458 ιομάζειν
175 1379 346 1460 ἕθὲκρινεν,
369 1373 386 1436 ὅ
407 1375 478 1439 τότε
498 1377 557 1455 μὲν
571 1373 714 1454 εὐτυχῶς
734 1377 933 1459 περισωθείς,
954 1375 1033 1454 μετὰ
1056 1373 1141 1454 tayo

55 1474 165 1552 α’θλίως
184 1484 254 1550 ταῖς
274 1478 331 1540 τοῦ
350 1477 505 1556 βασιλέως
533 1475 734 1556 Ἀνδρονίκου
755 1476 809 1539 καί
826 1471 926 1550 αὐτὸς
945 1473 1060 1556 πάγαις
1085 1495 1141 1536 ιιι-

56 1578 260 1660 ριτττυχηκοῖς
280 1577 335 1638 καί
356 1570 524 1652 ἑξολωλως.

121 1666 181 1741 Ἦν
202 1677 358 1740 δὲταῦτα
377 1671 461 1737 τότε.
518 1677 574 1739 καί
593 1678 671 1750 τέως
690 1677 750 1755 μὲν
769 1674 843 1756 περί
861 1675 941 1753 μίαν
962 1671 1094 1756 ἡμέραν
1111 1668 1143 1736 oi

54 1777 194 1858 τέσσαρες
213 1773 409 1858 ἠτιμωμένοι
432 1768 578 1840 ἑάλωσαν
599 1776 697 1858 δῆθεν
718 1771 923 1853 ξυνωμοσίας,
945 1771 961 1837 ὃ
981 1769 1143 1852 Mavortii.

26 1878 103 1939 15καί
117 1869 262 1957 Ἰωάννης
284 1870 314 1937 οἱ
336 1867 479 1958 ἀδελφοί,
502 1869 786 1958 ὄσρωτοστράτωρ
807 1873 945 1950 Ἀλέξιος
967 1872 1023 1937 καί
1038 1869 1143 1938 Ἰωάκ-

54 1997 101 2056 νης
120 1973 137 2036 ὅ
158 1971 320 2058 ἔπαρχος·
363 1977 417 2037 κατ’
438 1965 523 2054 εἶχεν
543 1970 663 2047 αὐτους
683 1973 703 2058 ἦ
729 1969 980 2056 uddeto'fitcsnoi
999 1971 1061 2054 πρὸ
1082 1973 1143 2034 ου’-

55 2077 101 2155 ιῆς
118 2071 156 2138 τὰ
178 2071 253 2138 λίαν
273 2065 383 2154 ἄτιμα.
424 2069 460 2136 τὸ
486 2075 521 2138 δὲ
545 2075 614 2152 ζέον
628 2075 687 2136 τοῦ
707 2074 817 2152 θυμοῦ
837 2079 902 2144 τοῖς
926 2073 1068 2155 κρίνασαν
1089 2073 1143 2150 ἑβ·

55 2168 180 2254 ροὶττοτο
202 2171 358 2240 καὶκατὰ
380 2173 435 2257 τῆς
458 2169 754 2258 τισρφυρογεννὴτου
780 2170 911 2235 καὶτοῦ
932 2169 1143 2251 συμβιοῦντος

56 2273 224 2359 Καίσαρος.
267 2273 325 2336 ου’κ
348 2264 415 2355 εἶχε
436 2271 472 2335 δὲ
492 2275 547 2335 κατ’
567 2274 693 2350 ἐκζέσαι
710 2270 838 2351 α-ιῖτίκα,
858 2269 903 2345 ὥς
920 2272 976 2333 καί
993 2271 1142 2351 γενέσθαι

25 2371 205 2454 οοσρὸοιττον
229 2369 266 2437 τὸ
288 2371 393 2453 κακόν,
412 2373 477 2437 ἄλλ’
499 2373 699 2454 ἐνδομυχοῦν
733 2368 788 2434 καὶ
808 2368 1052 2454 ὑποτυφόμενον
1071 2369 1143 2432 ἐισί·

55 2493 123 2551 σχον
142 2473 188 2547 εἰς
210 2474 362 2537 τοσοῦτον
384 2470 429 2547 ὥς
448 2473 505 2536 καί
523 2471 579 2536 τὸν
600 2470 803 2554 πατριάρχην
827 2473 961 2550 δοκῆσαι
981 2465 1061 2551 ιιρός
1081 2466 1142 2530 αὖ.
1224 2480 1231 2493 ·

55 2572 108 2632 τῶν
127 2566 212 2637 εἶναι
228 2569 307 2647 τούς
328 2573 498 2654 κρίνοντας.
544 2570 594 2635 δίὀ
616 2571 672 2636 καί
692 2568 791 2644 ου’τός
810 2573 870 2651 μὲν
888 2567 1040 2643 ἅττλοΐκῶς
1065 2569 1143 2652 ἐμη-

54 2668 162 2736 νίσατο
185 2655 271 2756 αρὸξ
288 2665 427 2757 ἑσπέραν
446 2669 486 2737 τὰ
508 2671 619 2758 λρῖονα.
673 2668 703 2736 οἱ
727 2671 763 2736 δὲ
783 2670 844 2753 orig
873 2667 975 2734 ἅτιλοί
989 2669 1143 2751 ἐμελέτων

118 2840 142 2892 1.
160 2838 225 2913 τρλῒ
438 2917 450 2947 Ι

55 3005 143 3058 magno
163 2993 271 3064 palatio
299 2993 395 3046 fratrea
415 2995 567 3057 comneni,
588 2995 699 3046 Manuel
720 3002 749 3047 et
770 2995 901 3058 loannes,
921 2993 1030 3047 Alexide
1047 3003 1143 3064 proto·

55 3069 152 3126 strator,
175 3072 205 3117 et
232 3065 372 3133 eparchon.
410 3081 426 3116 e
453 3066 564 3134 reliquia
582 3066 631 3118 alii
652 3065 753 3118 dimisti
775 3075 853 3130 sunt,
876 3081 965 3119 revera
985 3065 1018 3116 ad
1038 3068 1142 3136 epulas,

56 3140 82 3182 ut
98 3136 191 3198 aiunt,
211 3134 365 3198 hesternas,
392 3138 414 3189 ai
435 3137 481 3206 qui
502 3137 605 3206 epulari
623 3138 742 3199 vellent,
769 3136 817 3188 sed
843 3138 933 3206 specie
959 3137 1093 3188 amicitiae
1115 3148 1142 3191 et

56 3204 252 3269 confidentiae,
276 3208 322 3257 alii
350 3209 490 3278 perierunt
524 3209 585 3260 latis
606 3209 683 3261 variis
702 3217 729 3260 ct
746 3223 817 3277 quae
834 3225 915 3259 nemo
935 3207 1015 3259 facile
1034 3209 1141 3261 viderit.

56 3277 126 3326 multi
146 3278 230 3329 eiiam
259 3279 332 3329 ultro
362 3295 390 3330 ae
420 3281 503 3330 exilio
521 3280 683 3346 multaruut3
713 3295 728 3330 e
756 3279 857 3349 quibus
884 3279 997 3330 eximius
1021 3279 1069 3329 ille
1089 3281 1144 3332 suit

56 3343 194 3414 iapudes,
213 3348 254 3400 vir
272 3349 310 3400 rei
327 3350 451 3402 militaria
473 3351 664 3418 peritissimus,
686 3365 765 3418 quem
783 3357 894 3420 propter
910 3349 1012 3417 ingenii
1029 3367 1143 3403 acumen

56 3423 81 3465 et
97 3418 267 3471 celeritatem
286 3421 382 3488 agendi
403 3421 527 3472 eximiam
551 3423 641 3473 sultan
658 3420 802 3471 Turcarum
831 3421 941 3472 nomine
966 3420 1079 3474 vulturis
1100 3423 1143 3474 di·

56 3501 130 3551 gnum
151 3489 308 3555 iudicabat3
336 3496 383 3560 qui
408 3500 465 3543 tum
491 3492 602 3561 quidem
629 3492 745 3543 feliciter
771 3499 961 3555 conservatus,
983 3491 1031 3542 aed
1047 3503 1143 3561 postea

56 3557 223 3627 imperatorie
238 3561 384 3614 Andronici
403 3562 507 3632 laqueis
526 3565 655 3626 irretitus,
671 3563 862 3617 miserabiliter
881 3569 909 3613 et
928 3563 986 3634 ipsc
1005 3564 1097 3632 periit.

63 3682 65 3692 ,
119 3633 195 3683 Haec
220 3633 304 3700 igitur
329 3634 368 3684 ita
386 3642 442 3685 tum
466 3643 550 3684 erant.
589 3651 642 3684 uno
669 3634 714 3684 die
739 3641 868 3702 qtrattuor
897 3633 939 3684 illi
965 3633 1015 3685 viri
1045 3643 1157 3686 contu-‘

57 3701 137 3754 meliis
165 3704 257 3754 affecti
279 3704 473 3756 coniurationis
501 3706 605 3756 scilicet
629 3704 748 3756 damnati
778 3712 858 3768 aunt,
876 3704 987 3757 Manuel
1016 3712 1044 3755 et
1064 3708 1146 3757 loan.

57 3786 99 3822 nea
117 3775 234 3836 fratrer,
261 3773 371 3826 Alexius
394 3783 628 3844 protostrator-,et
657 3778 771 3826 Ioannes
796 3773 940 3844 eparchus3
971 3776 1145 3829 continebat-

58 3859 106 3910 que
135 3861 184 3896 σοι
209 3845 351 3910 custodia,
375 3847 487 3897 afflictos
507 3848 582 3916 priua
613 3861 713 3896 summa
742 3847 901 3914 ignominia.
942 3863 1036 3897 verum
1056 3846 1146 3900 servor

57 3911 212 3966 iracundiae
226 3916 368 3968 aestuabat
384 3919 413 3968 in
433 3918 528 3968 animis
547 3917 664 3968 indicum
689 3917 770 3968 etiam
788 3916 913 3968 adversus
931 3918 1146 3987 porphyrogeni-

57 3988 105 4035 tum
124 3995 153 4038 et
171 3988 245 4038 vitae
264 3988 367 4038 nnciam
389 3990 539 4040 Caesarem.
576 4005 632 4040 uon
657 3996 766 4058 poterat
784 3995 876 4040 tamen
895 3991 1068 4040 effervescere
1087 3988 1146 4040 illi-

57 4069 94 4118 co,
113 4065 144 4108 ut
162 4057 371 4129 despumaretur
388 4066 416 4111 rt
433 4051 577 4110 minifeata
594 4059 671 4111 lieret
682 4059 826 4128 pernicies,
844 4058 892 4110 sed
912 4060 985 4111 intua
1004 4059 1146 4112 aestuabat

56 4124 247 4197 gliscebatque‚
268 4137 298 4179 nt
314 4131 395 4180 etiarn
413 4129 563 4200 patriarcha
591 4130 695 4182 iudices
714 4130 769 4181 illis
787 4131 877 4182 favere
897 4138 1014 4201 putaret.
1050 4133 1146 4200 itaque

55 4194 110 4263 ipae
127 4199 238 4268 quidem
258 4201 419 4271 simpliciter
435 4197 485 4253 sub
504 4214 645 4271 vesperam
667 4200 797 4253 suadebat
813 4201 941 4270 melium
963 4201 1013 4255 aed
1032 4203 1074 4255 illi
1090 4204 1144 4254 iam
