2892 4904
277 349 350 424 516
524 358 581 423 AD
611 357 776 424 Leonta
807 355 1120 424 GRAMMATICUM

361 459 399 575 ii
441 504 517 576 orire
537 506 822 594 ἑπιδιατάσσομαι]
843 511 909 594 ipsa
924 519 970 574 est
988 510 1053 574 aliis
1075 511 1180 573 verbis
1200 511 1302 594 prima
1321 513 1364 574 in.

274 598 491 680 terrogstione
504 599 534 662 S.
548 593 714 676 Nicephori
739 595 900 678 responsio
916 615 948 676 p.
961 593 1047 657 437:
1072 597 1151 656 adsit
1170 615 1272 657 eonem
1293 616 1364 681 quse

275 689 334 744 etc.
355 701 435 742 nove
455 681 644 743 ordinatione
663 692 773 744 everto.
815 678 860 740 sic
880 699 1004 760 semper
1027 689 1114 740 vetus
1136 678 1211 740 fides
1234 701 1363 762 unaque.

359 797 397 860 18
428 792 642 880 ,διεφορήθηΙ
672 794 789 874 dfflato
827 794 949 858 humore
979 809 1032 858 asu
1060 795 1216 858 nidoribus
1247 797 1365 858 resciae

272 883 418 968 tantisper
435 881 597 942 convaluit.

358 995 395 1058 19
450 992 485 1058 τὸ
504 990 618 1076 caprei]
653 1015 715 1055 non
737 995 858 1058 silenter
876 1002 1004 1077 putem,
1028 996 1075 1056 nti
1101 993 1282 1059 redditum:
1306 1017 1363 1058 non

272 1081 354 1142 enim
374 1081 416 1141 ita
438 1080 600 1164 peragitur
639 1075 702 1139 uod
721 1079 1071 1140 tumultuariamilitum
1093 1099 1189 1150 mann
1211 1101 1364 1164 exequen-

271 1155 345 1224 duin
369 1165 553 1226 mandatur:
586 1101 640 1224 seii
667 1162 812 1224 tradendo
836 1169 1008 1246 apertaque
1028 1162 1059 1222 vi
1090 1163 1289 1243 patriarchio
1312 1185 1363 1224 ex.

272 1256 454 1330 portarent,
477 1247 608 1310 necdum
630 1244 747 1306 scilicet
771 1265 830 1328 per
850 1245 1077 1328 aegritudinem
1101 1245 1201 1328 ipsum
1221 1246 1364 1313 incedere

270 1331 432 1394 valentem.

353 1428 391 1491 90
445 1429 624 1492 ἀπέκτεινεν
651 1425 707 1488 καί
743 1421 983 1504 tentionem]
1011 1430 1174 1505 interemit
1193 1451 1233 1491 ac
1257 1431 1364 1513 pelago

269 1517 382 1592 mersit,
403 1535 436 1574 ex
471 1521 608 1594 utroque
630 1511 748 1573 scilicet
777 1509 898 1574 ordine.
949 1509 1025 1594 quid
1054 1513 1128 1573 velit
1151 1513 1190 1574 de
1212 1511 1364 1576 revocatis
1438 1581 1439 1594 ,

270 1599 408 1658 exulibus
429 1595 591 1656 deliciante
612 1594 721 1656 codice
741 1593 883 1656 divinare
903 1615 967 1657 non
989 1616 1163 1680 possumus.

355 1721 391 1782 91
436 1686 488 1782 siv
513 1721 623 1801 zaim]
654 1741 717 1781 uno
740 1721 840 1782 verbo
864 1729 977 1782 auctor
1001 1742 1172 1805 anonymus
1203 1717 1244 1781 τὰ
1267 1719 1364 1796 indiis

268 1801 324 1866 rosi
345 1799 565 1882 innodootst'ov.
588 1803 759 1866 draconem
773 1803 911 1888 intelligo
933 1803 973 1867 nd
995 1805 1073 1866 circi
1087 1827 1174 1868 mare
1195 1825 1250 1866 seu
1271 1827 1365 1887 aqna·

271 1910 340 1949 rum
361 1888 462 1947 sinum
483 1907 519 1948 no
543 1889 671 1948 fontem.

353 1995 392 2056 99
435 1989 674 2074 ὁἈμορραΐος]
708 2017 772 2056 non
795 1996 898 2078 placet
919 2017 954 2058 ea
975 2018 1046 2072 vox,
1070 2017 1126 2058 nec
1149 1995 1237 2080 quod
1259 2018 1365 2059 emen-

271 2079 388 2156 datum,
414 2074 638 2158 ὄἈμωραῖος.
661 2081 768 2141 tenelius
790 2081 994 2141 continuator
1015 2075 1087 2142 Vnt.
1110 2071 1128 2138 ὅ
1149 2081 1183 2154 ἐξ
1201 2077 1363 2162 Matovion.

270 2163 355 2246 qued
379 2164 482 2224 statim
504 2163 646 2244 seqnitur
670 2163 708 2225 de
732 2163 857 2224 remissa
880 2163 1032 2245 tantisper
1052 2163 1203 2224 Michnile
1229 2165 1363 2246 impera-

270 2257 340 2308 tore
363 2247 493 2308 excitata
517 2268 534 2306 a
557 2249 661 2308 Leone
683 2249 919 2328 persecutione,
942 2245 1066 2330 egregie
1089 2247 1224 2330 Ignatius
1248 2247 1278 2308 iu
1304 2248 1358 2308 vita

270 2331 301 2389 S.
322 2329 489 2411 Nicephori
512 2331 646 2410 exponit,
670 2332 723 2411 qni
745 2339 776 2392 et
800 2339 941 2390 navatam
961 2329 1031 2390 viro
1053 2340 1161 2392 saneto
1178 2351 1308 2412 operam
1330 2339 1359 2392 ut

270 2411 452 2474 Miehn‘dlem
475 2411 619 2474 ecclesiae
649 2413 807 2476 addiceret
836 2413 967 2495 pulchre
989 2413 1149 2492 describit,
1174 2413 1357 2476 deterrendo

271 2497 416 2557 nimirum
448 2497 486 2558 ab
516 2495 635 2558 haeresi
670 2493 836 2560 decessoris
873 2497 1024 2578 exemplo,
1056 2499 1109 2580 qni
1133 2500 1175 2560 ita
1198 2499 1308 2560 misere
1330 2499 1356 2558 iu

269 2580 387 2662 templo
410 2580 506 2642 vitam
527 2580 710 2662 alirupisset.
762 2581 930 2664 ‹Issaesitam
962 2583 1035 2642 item
1057 2581 1202 2644 Michaiili
1225 2570 1358 2663 ἀδιαφο-

270 2664 356 2742 ρίαν,
379 2673 409 2725 et
432 2673 467 2724 ut
487 2666 573 2748 quod
596 2663 687 2725 vellet
708 2666 837 2746 quisque
856 2672 1039 2742 sectaretur,
1062 2686 1119 2728 nee
1142 2663 1194 2725 alii
1218 2665 1284 2726 aliis
1307 2663 1358 2726 oh·

270 2747 501 2830 loquerentur3
523 2769 620 2832 eaque
643 2747 753 2809 silentii
777 2749 958 2809 conditione
969 2747 1161 2830 Nicephorus
1183 2747 1287 2809 sedens
1311 2769 1359 2808 re·
1435 2765 1437 2774 ’

271 2830 402 2910 ciperet.
454 2853 564 2892 verum
596 2831 672 2891 haec
700 2833 851 2912 tantisper
885 2831 1094 2912 expectanda,
1118 2841 1153 2894 ut
1176 2830 1358 2893 etlaudatns

271 2914 482 2990 continuator,
504 2917 558 2998 qui
582 2915 646 2997 ipse
666 2916 731 2978 fuse
745 2915 948 2998 Prosequitur
971 2938 1051 2998 quae
1069 2919 1134 2976 Leo
1156 2915 1243 2978 velut
1265 2917 1358 2976 solnm

272 3019 329 3059 eeu
350 3006 448 3061 notat.

356 3096 395 3158 93
439 3089 498 3179 ἀφ’
525 3085 591 3176 ὧν]
624 3099 714 3158 aliter
751 3099 911 3160 emendem
942 3123 1034 3182 quam
1069 3099 1237 3182 interpreti
1267 3099 1357 3160 vnum

271 3181 404 3266 [omittit
422 3181 580 3266 Gnarus];
604 3183 776 3265 leviorique
798 3205 849 3243 seu
876 3183 979 3263 potius
1001 3181 1082 3242 nulla
1106 3184 1291 3260 mutatione,
1312 3180 1356 3242 sed

271 3267 359 3326 unius
385 3266 534 3327 duntaxat
554 3267 709 3344 elementi,
731 3267 815 3349 quod
837 3266 994 3328 festinanti
1017 3267 1139 3328 scribae
1162 3265 1286 3342 excidit,
1310 3287 1357 3328 re-

270 3350 446 3424 stitutione,
469 3361 504 3410 ut
528 3347 600 3410 desi
621 3348 679 3410 rosi
708 3346 765 3430 ἀφ’
786 3339 846 3430 oie,
869 3351 908 3410 sit
931 3339 1084 3431 ”Apparet
1115 3371 1181 3412 cum
1214 3349 1296 3412 Iseud
1319 3351 1356 3410 tu

265 3433 386 3514 pridem
410 3433 484 3512 Afri
504 3435 541 3494 ob
567 3447 690 3516 peccata
707 3435 832 3520 populi,
857 3454 1016 3515 eorztmque
1035 3435 1089 3516 qsti
1107 3455 1208 3494 rerum
1226 3435 1354 3518 potiren-

269 3529 319 3576 tur
337 3517 535 3598 impietatem,
554 3521 715 3601 coepissent
731 3538 778 3576 res
803 3517 1035 3577 Christianorum
1066 3519 1099 3578 in
1121 3519 1232 3582 bumsie
1253 3537 1354 3598 cogere,

268 3619 394 3682 artaeque
416 3599 537 3661 ditionis
546 3603 664 3676 facere.
712 3600 828 3660 dictum
849 3599 911 3660 hoc
933 3599 1134 3662 distinctione
1154 3601 1195 3663 ab
1210 3599 1276 3670 silis
1285 3599 1356 3660 lira·

268 3681 369 3758 bibus,
392 3684 445 3766 qui
469 3683 592 3765 pridem
613 3685 644 3744 in
667 3683 756 3768 Syria
781 3685 921 3766 Aegypto
944 3704 980 3744 ac
1001 3683 1077 3747 locis
1100 3683 1165 3765 aliis
1188 3702 1255 3748 ren
1275 3679 1353 3744 tutie-

270 3766 431 3828 sactessent
451 3768 633 3829 Romanam.
689 3767 846 3830 Cedrenus
873 3768 989 3830 Arabes
1019 3756 1174 3849 flt'spanos
1195 3774 1287 3844 went
1304 3763 1353 3848 ¹qui

270 3847 396 3910 Cretam
417 3859 570 3932 ceperunt
591 3850 727 3933 aliasque
748 3851 867 3928 insoles,
892 3851 948 3932 ipsi
965 3848 1113 3912 nimirum
1128 3851 1183 3939 qni
1202 3861 1234 3916 et
1253 3866 1353 3914 conse·

270 3931 385 3995 derunt
404 3933 436 3996 in
458 3933 563 3996 Africa
585 3955 620 3996 ae
644 3945 780 4018 utraque
801 3934 870 3995 loca
892 3933 1050 3996 tenebant.
1127 3954 1133 3964 ·

351 4047 392 4109 94
432 4050 696 4132 προσεκαλέσατο]
729 4052 844 4114 isthaec
864 4052 972 4114 endem
1009 4049 1130 4113 luribns
1160 4048 1349 4114 continuator

270 4131 342 4192 Vat.
381 4141 412 4193 et
440 4155 475 4195 er
496 4155 533 4196 eo
557 4135 737 4213 Cedrenus3
776 4138 829 4218 qui
852 4135 933 4195 hane
959 4073 1126 4218 Tieopbili
1164 4133 1347 4222 severitatem

176 4219 180 4230 '
269 4235 330 4277 non
353 4224 416 4277 tam
439 4217 572 4280 iustitiae
589 4221 655 4282 zelo
678 4220 847 4298 ascribunt,
871 4239 967 4304 qnam
988 4227 1024 4280 nt
1038 4219 1162 4282 ille'sibi
1184 4218 1223 4280 ab
1243 4212 1345 4276 insidiis
