2838 4902
198 333 252 394 on
271 327 575 395 auessarnurca
595 327 624 392 a
642 329 801 396 rrrrrurs
821 331 966 396 caera.
1072 319 1145 400 aar

57 484 167 562 ζουσαί
183 504 217 546 τε
246 484 302 547 καί
321 480 481 566 νεάνιδες,
501 481 556 543 καί
574 477 638 563 μὴν
657 483 713 545 καί
730 475 807 554 ὅσας
827 479 863 544 τὸ
885 484 985 566 γῆρας
1005 473 1068 566 ἤδη
1086 507 1145 545 κα.

56 590 177 666 ταρχεϊν
207 578 308 646 ι’ποίει
336 578 375 644 eri
402 577 479 664 ἔρχα
501 583 737 663 σογκεκυφνίας
764 576 842 644 ἔνθα
862 578 899 644 cd
920 585 1007 655 τέλος
1027 579 1145 646 πίοσί-

55 687 152 766 μεθα,
172 677 207 746 αἱ
239 682 388 745 τοιαῦται
417 676 542 755 δόξαιεν
570 671 610 743 ι’ίν
630 679 722 742 odds'v
742 703 772 742 τι
803 682 886 763 μέγα
906 688 1019 764 ποιεῖν,
1039 682 1071 744 εἰ
1089 685 1146 746 καί

56 786 187 863 ἐποίουν,
211 779 246 844 τὸ
268 777 430 845 δύνασθαι
449 776 638 862 βιαζόμεναι
657 781 714 842 καί
735 781 778 842 ds'
798 778 919 864 ἡμέρας
941 775 1142 861 πονούμενοι.

32 877 123 944 adone
151 883 187 945 di
219 883 276 942 καί
308 875 386 964 πρὸς
416 876 571 959 ὁπλισμὸν
600 875 796 964 ἐρρύθμιζον
825 871 959 958 ἑαυτάς,
992 874 1068 964 ῥάκη
1091 881 1147 942 καί

52 981 190 1062 ψιάθους
210 977 421 1060 ἐναπτόμεναι
447 976 525 1042 ὤσει
556 977 614 1042 καί
629 1001 718 1051 τινας
744 978 912 1061 θώρακας,
939 980 995 1041 καί
1015 977 1072 1052 τὰς
1091 1001 1144 1040 κτ.

52 1079 154 1163 φυλὰς
174 1081 301 1161 μίτραις
325 1080 372 1152 είς
392 1076 505 1162 ἕλιγμα
528 1076 817 1159 ίιαλαμβάνουσαι,
840 1075 956 1152 εἴπας
984 1080 1144 1161 capacissi-

52 1203 100 1241 τοι
121 1172 202 1243 εἶναι
226 1178 429 1263 σοφίσονται,
457 1175 513 1243 καί
542 1175 654 1252 λίθους
674 1175 921 1258 ίπισαττόμεναι
943 1171 1086 1260 ιῖγαθούς
1109 1175 1144 1242 ἐκ

48 1281 162 1363 χειροῖν
185 1278 340 1364 σ’φίισθαι
362 1282 421 1341 τοῦ
440 1281 564 1359 τείχους
585 1279 734 1358 ἐγίνοντο,
754 1275 810 1339 καί
829 1275 873 1351 ὥς
896 1269 985 1359 εἶχον
1009 1273 1142 1357 ἔβαλλον

17 1376 119 1453 torosis
140 1379 289 1463 ἐχθρούς,
311 1419 351 1428 -
377 1377 444 1441 ἀλλ’
466 1376 562 1442 αὐταί
591 1372 649 1458 τὴν
671 1373 874 1456 Ἀμαζόνειον
894 1372 1039 1459 ἱστορίαν
1063 1399 1142 1458 συγ..

49 1482 190 1558 κροτοῦσι
212 1482 267 1542 καί
297 1472 353 1540 οὖν
376 1477 512 1561 α’φιᾶσιν
543 1479 664 1560 ἐκείνην
686 1476 905 1559 ἑλέγχεσθαιῦ
926 1475 983 1539 καί
1000 1472 1058 1550 τὰς
1080 1501 1143 1537 πα.

49 1577 137 1650 dorcic
159 1579 195 1640 δὲ
216 1576 441 1659 διακρούονται
471 1578 775 1660 παρευδοκιμσῧσαι,
801 1571 839 1650 dg
860 1573 992 1655 οἴδαμεν
1012 1581 1143 1658 κουραῖς

49 1680 190 1758 κεφαλῶν
218 1679 395 1758 ἐπικουρεῖν
426 1683 492 1750 τοῖς
522 1673 733 1760 πατριώταις,
767 1677 1028 1757 σχοινοπλοκοῦσι
1058 1671 1141 1737 κατὰ

48 1781 182 1856 πολέμου
206 1776 384 1860 ἀναγκαίας
406 1778 441 1838 ἐκ
463 1772 612 1840 τοιούτων
633 1779 772 1858 τριχῶν·
795 1777 835 1838 ου’
855 1770 917 1859 γάρ
942 1771 1055 1858 τρίχας
1078 1765 1139 1838 αὖ.

14 1882 95 1937 torar
115 1870 198 1939 ἄλλα
220 1875 332 1956 ψυχὰς
353 1876 508 1958 προΐεντο.
551 1876 628 1940 idaia
647 1871 845 1955 σ’ίνΣολομιόν
870 1873 970 1950 edatis
989 1878 1142 1957 συγκατέ-

45 1991 145 2056 χρσψε
165 1979 204 2062 τῇ
226 1977 300 2056 παρ’
322 1975 411 2062 αὐτῷ
433 1977 565 2061 α’νιλρικῇ
585 1977 729 2059 γυναικί,
757 1969 1015 2057 προσαπορήσας,
1036 1975 1082 2048 εἰς
1102 1972 1141 2058 ἢν

46 2071 234 2156 προυβάλοτο
257 2069 396 2158 ζήτησιν.
437 2073 493 2138 καί
512 2067 552 2156 ἦν
573 2076 671 2138 εἰπεῖν
685 2074 754 2138 τότε
777 2072 851 2148 τούς
873 2071 1011 2159 ὁρῶντας
1032 2070 1137 2136 τόντε

44 2175 144 2236 Aaui'd
164 2172 220 2237 καί
240 2171 316 2247 τούς
334 2174 417 2257 ἄμφ’
450 2171 548 2236 adadu
571 2173 765 2248 Δανῖτικσύς
787 2165 883 2256 (ἦσαν
903 2173 976 2256 γάρ,
998 2165 1067 2235 ὅσοι
1089 2174 1134 2246 εἰς

43 2269 153 2336 sudoris·
179 2274 284 2361 ἐκείνῳ
304 2272 423 2353 ἐνόουν,
443 2271 524 2337 κακιὶ
553 2277 748 2358 φρονοῦντες,
774 2273 867 2336 ὁποία
887 2269 927 2336 τοὶ
950 2273 1012 2336 τοῖν
1033 2272 1132 2354 κορά-

11 2385 101 2438 λθκισν
130 2371 289 2436 κυλίκιον·
340 2373 427 2457 οἵπερ
463 2376 612 2448 ἐπαίνους
635 2371 824 2455 κρώζοντες,
853 2375 906 2458 ἐφ’
937 2365 983 2447 οἷς
1022 2373 1138 2447 ἐκεῖνος

46 2472 207 2553 ιίφραίνιον
228 2465 287 2554 ἦν,
310 2469 440 2556 ἐφύσων
460 2474 505 2548 εἰς
527 2471 762 2557 μεγαλειότητα)
788 2469 830 2547 οἷς
854 2469 887 2536 αἱ
915 2475 973 2551 μὲν
994 2479 1138 2554 γυναῖκες

45 2571 113 2652 ἡμῖν
137 2568 252 2658 ἄνδρες
274 2574 423 2654 ἐγένοντο,
448 2584 592 2654 γυναῖκες
614 2575 649 2636 di
674 2570 702 2634 oi
721 2565 834 2657 ἄνδρες
857 2571 887 2634 οἱ
910 2574 1134 2650 δαυϊίίζοντες.

46 2854 96 2897 tum
115 2849 206 2918 suadis
226 2851 414 2919 suggerebant,
432 2859 480 2910 aut
497 2869 593 2922 aquam
609 2851 799 2924 apportabant,
819 2851 1007 2906 adolescentes
1022 2853 1088 2906 illae
1107 2861 1135 2906 et

45 2921 154 2985 puellae,
176 2922 243 2990 quin
263 2925 344 2973 etiarn
364 2940 433 2993 quae
455 2932 544 2975 aetate
562 2925 730 2993 provectiore
753 2923 788 2974 ad
806 2941 887 2994 opera
907 2925 1068 2976 infirmiores
1089 2925 1134 2976 ia-

45 2998 97 3040 ctae
118 3001 145 3044 et
164 3000 290 3044 curvatae
313 3005 397 3058 erant,
416 2994 450 3044 ad
468 2995 621 3064 sepulcrum
639 2997 716 3066 quasi
738 2997 879 3064 proclives,
902 3013 951 3048 eae
971 2995 1134 3048 videbantur

44 3061 107 3110 nihil
125 3078 251 3128 magnum
270 3064 368 3129 lacere,
386 3067 491 3117 etiarnsi
511 3066 666 3130 faciebant,
686 3075 815 3138 quantum
836 3075 972 3136 poterant,
988 3068 1132 3135 fatigantes

46 3147 70 3180 se
89 3142 192 3185 ettoto
223 3133 266 3186 die
296 3135 459 3188 laborantes.
507 3145 644 3208 quotquot
670 3148 761 3189 autern
782 3138 816 3189 ad
838 3139 942 3209 proelia
960 3139 1133 3204 seaccinge-

43 3200 117 3266 baut,
141 3205 238 3274 pannis
269 3214 297 3257 et
324 3208 485 3274 tegumentis
507 3209 625 3261 iuncosis
650 3216 776 3277 tanquam
805 3210 887 3260 lorica
921 3225 1017 3277 corpus
1049 3208 1132 3259 indu.

42 3279 89 3335 lat,
111 3282 138 3325 et
157 3284 239 3342 caput
258 3277 344 3328 fasciis
364 3280 441 3331 tortis
453 3277 579 3343 ¹vinctae,
598 3297 653 3350 quo
675 3280 801 3331 militiam
823 3296 918 3349 parare
939 3286 1058 3348 possent,
1077 3296 1131 3331 un·

43 3342 118 3411 dique
138 3345 265 3398 advectos
295 3348 401 3416 lapides
427 3350 461 3401 de
479 3369 555 3401 muro
575 3348 764 3413 coniiciebant,
792 3359 821 3401 et
840 3367 882 3413 co,
902 3369 955 3421 quo
974 3358 1059 3412 erant,
1080 3349 1131 3400 ba·

42 3411 95 3463 bitu
116 3416 207 3468 hostes
227 3417 447 3472 lacessebant-
465 3423 609 3474 illasvero
630 3425 792 3472 Amazonum
811 3420 950 3473 historiam
970 3420 1130 3488 comproba-

42 3482 110 3547 bant,
132 3504 259 3539 neceam
286 3491 396 3542 refutari
416 3492 604 3561 patiebantur,
632 3509 662 3542 ac
691 3493 875 3563 reprimebant
894 3492 1130 3562 obscurabantque

41 3563 137 3608 veteres
156 3559 227 3622 illas,
245 3578 312 3628 quas
334 3562 452 3614 crinibus
480 3565 534 3614 suis
555 3563 710 3615 subvenisse
741 3563 844 3614 civibus
862 3562 992 3615 traditum
1012 3571 1062 3624 est,
1081 3563 1130 3631 qui

42 3624 113 3676 funes
136 3631 170 3680 ad
188 3630 294 3683 bellurn
312 3635 476 3686 necessarios
497 3651 529 3686 ex
548 3635 656 3685 illarum
675 3636 779 3704 capillis
799 3643 953 3688 texuerunt.
974 3635 1035 3704 ipae
1056 3633 1131 3684 enim

40 3711 91 3748 non
112 3702 206 3763 crines,
224 3703 272 3754 sed
291 3705 393 3756 animas
412 3705 622 3774 profundebant.
648 3721 716 3773 quas
736 3708 757 3756 si
779 3706 888 3756 Solomo
907 3704 1035 3766 vidisset,
1055 3721 1131 3756 com·

40 3770 169 3831 posuisset
195 3789 238 3823 eas
266 3775 331 3825 forti
349 3776 391 3827 illi
410 3777 517 3828 mulieri
537 3793 611 3837 suae,
630 3774 729 3828 dubius
748 3785 886 3846 praeterea
905 3776 940 3828 de
957 3775 1130 3842 quaestione,

41 3854 115 3903 quam
135 3842 188 3892 sibi
206 3849 356 3914 proposuit.
402 3865 433 3899 ac
451 3847 539 3899 dicere
571 3856 627 3899 tum
656 3857 781 3915 poterat,
810 3849 857 3917 qui
888 3846 1018 3898 Davidem
1036 3853 1064 3897 et
1082 3849 1130 3918 qui

41 3923 95 3959 earm
113 3913 285 3968 sectabantur
303 3918 447 3970 Davidicos
468 3917 573 3970 uideret
600 3919 689 3988 (eraut
709 3920 790 3980 euim,
809 3919 857 3987 qui
877 3936 937 3971 curn
956 3918 1006 3969 ilio
1028 3921 1129 3970 sentie-

39 3977 109 4042 bant,
126 3985 270 4048 malevoli,
297 3998 327 4040 ut
347 3997 545 4041 consueverunt
573 3991 693 4040 cornices
716 3989 870 4041 adulantes:
892 3991 937 4060 qui
956 3988 1049 4042 laudes
1070 4005 1130 4040 cro·

40 4051 169 4115 citantes,
196 4057 295 4126 quibus
321 4059 368 4110 ille
390 4060 552 4121 insaniebat,
582 4060 615 4110 ad
637 4061 791 4130 superbiam
807 4077 868 4111 eom
889 4059 1050 4126 inflabant),
1070 4077 1130 4110 rnu-

41 4119 113 4240 lierles
134 4127 213 4177 nobis
242 4130 311 4184 viros
338 4130 420 4183 factas
441 4149 515 4194 esse,
534 4133 603 4183 viros
628 4142 734 4194 autem,
752 4133 800 4202 qui
822 4131 917 4182 Davidi
937 4131 1129 4193 adhaerebant,

40 4205 79 4240 mu
95 4211 181 4256 toros„
