2932 4890
274 313 326 392 to
579 295 750 408 [mous
780 297 1067 412 autumatur]

276 479 331 544 ἒιτί
348 474 465 543 τοότοο
487 472 612 558 Δανιήλ
640 475 687 549 εἰς
715 470 770 538 τόν
799 470 912 538 λάκτον
939 474 1211 558 ἒμβάλλττοιτάν
1230 477 1376 566 λεόντων,
1462 521 1463 550 3

276 576 333 644 κατ’
352 577 452 660 μηδὲν
479 572 533 638 ὑπ’
563 575 670 638 edacia
696 571 810 641 ποθάν
841 568 1011 656 ἑβδομαῖος
1037 574 1099 638 ὑπὸ
1134 579 1191 641 τοῦ
1217 582 1376 659 βασιλέως
1462 605 1463 648 ;

278 679 451 759 άνιμάται,
481 677 538 739 καί
555 676 618 739 τεόν
638 666 826 754 ἑβδομάδων
857 674 943 760 adsui
962 671 997 739 τό
1018 671 1194 760 μυστήριον
1214 677 1377 745 άποκαλά·

274 798 398 860 μτεται.
440 771 497 838 καί
515 771 611 850 εἴτις
634 772 774 857 οἶκριβοός
802 773 865 838 τοῖν
884 769 1072 854 ἑβδομάδων
1093 772 1241 852 ἐξετάσαι
1259 783 1378 864 βουλη-
1462 767 1463 836 f

277 873 351 962 θείη
371 874 426 941 τόν
447 871 615 957 λόγονκαὶ
634 867 914 956 διαριθμήσασθαι
933 872 1009 948 τοός
1029 874 1174 960 χρόνους,
1198 878 1404 958 α’ρξάμενος5
1462 941 1463 944 ,

279 975 341 1042 ἀπό
363 974 475 1055 ἐξόδου
498 972 590 1056 λόγου
612 970 688 1036 κατὰ
710 970 766 1036 τόν
781 972 943 1058 προφήτην
963 975 1023 1038 τοῦ
1045 975 1291 1060 οἰκοδομηθῆναι
1308 978 1379 1046 Ἶε-
1462 983 1463 1032 i

278 1073 455 1161 ραυσαλήμ,
476 1078 640 1138 τουτέστιν
668 1068 731 1136 aiud
755 1076 896 1152 Νεεμίου
926 1069 1000 1137 υἱοῦ
1022 1074 1138 1158 Ἀχιλῆ
1144 1127 1152 1160 ,
1172 1079 1229 1140 τοῦ
1247 1078 1381 1162 α’ρχιοι-
1462 1099 1463 1136 t

280 1172 395 1258 νοχάον
413 1175 637 1256 Ἀρταξέρξου,
658 1167 693 1247 tc
714 1171 853 1261 ρ”ξιάσος
872 1175 928 1237 καί
947 1173 1132 1257 ἐπιτραπεὶς
1152 1167 1273 1240 άνεισιν
1295 1181 1382 1254 οἶκοι
1462 1201 1463 1236 i

281 1271 430 1357 δομήσων
462 1269 500 1337 τά
527 1267 759 1356 Ἱεροσόλυμα,
794 1267 922 1356 εὑρήσει
954 1269 1012 1347 τάς
1034 1271 1059 1335 α’
1078 1281 1382 1360 συμπεραιουμὲνας
1462 1325 1463 1334 ε

280 1369 481 1457 ἑβδομάδας,
508 1371 652 1436 τουτέστι
681 1369 867 1455 τετρακόσια
895 1373 1078 1455 ἐνενήκοντα
1107 1373 1162 1438 ἐπί
1187 1373 1243 1440 τόν
1265 1373 1381 1458 καιρόν
1391 1397 1423 1450 10
1462 1418 1463 1435 r

281 1478 417 1557 ἐκεῖνον,
438 1467 490 1536 ὅτε
519 1473 714 1534 παλαιοῦται
746 1469 782 1534 τό
817 1467 1022 1554 παράπτωμα
1053 1471 1108 1536 κατ’
1139 1476 1381 1558 σοντελεϊταιῆ
1462 1503 1463 1552 i

282 1569 426 1657 ἁμαρτία
446 1569 501 1636 καί
520 1570 732 1656 σφραγίζεται
754 1565 863 1651 όραμα
892 1571 947 1635 καί
967 1568 1159 1656 προφητεύει
1181 1576 1238 1637 κατ’
1253 1578 1384 1657 χρίεται
1462 1605 1463 1636 i

220 1738 227 1761 4
282 1668 360 1755 άγια
382 1672 500 1755 ἁγίων,
533 1673 695 1735 τουτέστιν
724 1670 778 1734 ἐπί
797 1669 853 1753 τήν
874 1673 933 1734 τοῦ
960 1673 1106 1756 Χριστοῦ
1125 1673 1303 1756 παρουσίαν
1325 1674 1385 1739 κατ’
1462 1705 1463 1736 ι

282 1769 343 1856 τήν
362 1768 474 1854 λοιπήν
496 1772 722 1854 πραγματείαν.
1462 1827 1463 1842 a

367 1873 480 1954 Κῦρος
501 1868 518 1934 ό
537 1873 669 1954 Πέρσης
688 1871 867 1944 καταλύσας
897 1869 954 1953 τήν
973 1867 1100 1955 Μήδων
1120 1870 1176 1937 καί
1193 1872 1384 1960 Ἀσσυρίων
1395 1897 1425 1950 15
1461 1907 1463 1938 :

285 1969 487 2048 δυναστείαν,
509 1964 668 2054 κρατήσας
689 1993 724 2035 τε
742 1973 798 2053 τῆς
814 1968 933 2044 Ἀσίας
955 1968 1089 2056 άπάσης,
1109 1975 1314 2052 ἐβασίλευσεν
1328 1971 1385 2059 ἔτη
1461 2009 1463 2042 t

283 2069 343 2135 λα’.
385 2069 498 2134 soritae
518 2073 563 2155 τῷ
583 2067 697 2156 πρώτῳ
720 2067 858 2157 ἐνιαυτῷ
878 2065 1167 2155 ἓβδομηκονταετής
1186 2070 1303 2158 χρόνος
1325 2075 1387 2155 τῆς
1462 2087 1463 2104 ²

283 2170 484 2250 μετοικεσίας
513 2169 767 2254 συμπληραῦται.
814 2173 849 2234 ἐν
869 2170 904 2232 δὲ
925 2172 968 2257 τῷ
988 2171 1150 2258 ἐρχομένῳ
1170 2169 1234 2235 ἔτει
1255 2195 1387 2254 συγχω-
1461 2210 1463 2246 ι

283 2277 338 2353 pet
356 2267 430 2344 τούς
460 2271 658 2348 δυναμένους
689 2272 753 2334 τοῖν
772 2268 929 2354 Ἑβραίων
958 2267 1088 2348 οἰκίζειν
1118 2267 1311 2346 ἀνελθόντας
1344 2271 1385 2336 τά
1461 2297 1463 2348 3

280 2369 515 2455 Ἱεροσόλυμα,
540 2372 594 2432 κατ’
615 2367 671 2432 τόν
689 2366 764 2433 ναόν
793 2368 1081 2453 άνοικοδομηθήναι
1100 2373 1297 2451 προσέταξε.Δ
1326 2373 1429 2454 τῆςρρ
1462 2413 1463 2446 η

284 2471 321 2534 δὲ
342 2465 498 2534 ἐπανόδου
517 2467 622 2552 ἡγεῖτο
639 2468 769 2552 Ἰησοῦς
791 2467 808 2532 ό
830 2472 888 2534 cori
910 2468 1061 2536 Ἰωσεδὲκ
1079 2471 1179 2553 με’γας
1199 2467 1304 2554 ἱερεδς
1329 2471 1390 2534 καί
1459 2509 1463 2546 t

284 2565 471 2654 Ζοροβάβελ
492 2569 510 2631 δ
531 2569 588 2634 τοῦ
611 2571 796 2653 Σαλαθιήλ,
827 2571 882 2633 κατ’
910 2568 1129 2654 προεφήτευον
1153 2563 1308 2653 Ἀγγαῖος
1330 2569 1390 2634 καί
1462 2615 1463 2647 η

358 2753 399 2805 17.
417 2750 506 2823 τούτῳ
524 2751 544 2804 C

286 2906 331 2958 hic
350 2905 446 2956 Darius
465 2905 559 2956 Asueri
576 2905 648 2956 fitius
667 2907 714 2976 qui
732 2907 923 2958 nominabatur
936 2909 1074 2976 Astyages,
1093 2906 1214 2977 regnavit
1233 2906 1266 2958 17
1284 2922 1384 2961 anuos.

287 2976 339 3029 sub
360 2993 392 3028 eo
410 2977 510 3027 Daniel
528 2977 557 3026 in
580 2977 691 3028 foveam.
708 2976 817 3028 leonum
843 2979 981 3029 coniectus
1003 2987 1053 3042 est,
1074 2995 1090 3028 a
1110 2979 1210 3049 quibus
1229 2977 1299 3030 nihii
1317 2997 1385 3048 per·
1462 3027 1463 3046 η

286 3063 382 3119 pessus
402 3048 516 3116 septimo
538 3046 582 3098 die
609 3063 625 3097 a
651 3063 713 3116 rege
743 3063 847 3100 sursum
875 3057 976 3100 tractus
995 3057 1044 3100 est.
1080 3055 1163 3121 atque
1181 3049 1385 3104 hebdomadum
1462 3101 1463 3126 η

288 3119 444 3186 mysterium
472 3119 496 3168 ei
518 3117 664 3169 revelatum
694 3125 751 3184 τοῖς
773 3128 801 3170 et
827 3120 933 3190 siquis
961 3119 1107 3188 diligenter
1124 3121 1254 3172 rationem
1274 3119 1386 3173 hebdo-

287 3188 397 3242 madum
414 3186 570 3258 computare
587 3188 654 3240 velit
671 3197 699 3240 et
716 3197 837 3258 tempora
852 3207 1003 3256 numerare,
1022 3193 1155 3260 incipiens
1173 3190 1208 3242 ab
1227 3191 1311 3255 exitu,
1325 3209 1383 3261 quo
1461 3233 1463 3254 η

288 3259 437 3313 secundum
461 3260 621 3329 prophetem
649 3259 790 3311 aedificata
820 3270 884 3312 suut
912 3263 1095 3330 Hierosolyma
1121 3263 1140 3318 i.
1162 3277 1187 3312 e.
1216 3277 1231 3312 e
1258 3263 1385 3327 Nomia,
1462 3307 1463 3326 η

288 3333 390 3384 Achate
416 3331 495 3394 filio,
516 3331 670 3382 Artaxerxis
696 3333 784 3399 primo
813 3333 989 3400 pocillatore,
1015 3335 1063 3402 qui
1086 3349 1134 3383 aue
1160 3341 1256 3402 sponte
1274 3341 1302 3383 et
1321 3350 1385 3386 cum
1462 3331 1463 3338 '

287 3405 420 3476 permissu
448 3402 515 3468 regis
550 3403 687 3470 profectus
713 3411 769 3466 est,
790 3403 824 3453 ad
852 3402 1017 3454 aedificanda
1040 3404 1242 3470 Hierosolyma3
1260 3402 1283 3453 is
1302 3404 1385 3456 iuve-

287 3476 348 3526 niet
365 3472 399 3524 70
424 3471 607 3522 hebdomadas
638 3489 729 3522 omnes
749 3481 879 3541 peractas,
897 3476 914 3524 i.
934 3491 956 3524 e.
976 3472 1029 3525 490
1047 3491 1132 3524 annos
1150 3491 1236 3542 usque
1256 3473 1291 3524 ud
1311 3475 1386 3526 iliud
1462 3525 1463 3534 ,

288 3554 406 3614 tempus,
425 3559 480 3612 quo
500 3543 609 3594 deletur
625 3555 783 3611 peccatum,
801 3553 829 3596 et
847 3545 941 3597 vitium
963 3544 1065 3608 finitur,
1082 3546 1222 3614 uisumque
1243 3544 1386 3614 probatur,
1462 3535 1463 3550 ¹

289 3633 344 3686 quo
363 3613 510 3684 prophetat
539 3622 567 3665 et
591 3615 702 3682 tangitur
727 3623 1015 3679 sanctasanctorum,
1046 3617 1065 3666 i.
1083 3632 1107 3666 e.
1125 3633 1210 3686 usque
1229 3615 1263 3666 ed
1282 3614 1387 3680 Christi

289 3687 472 3756 praesentiam
492 3693 519 3736 et
537 3685 641 3753 reliqua
657 3685 735 3735 faeta.
1462 3733 1463 3764 η

361 3760 446 3824 Cyrus
465 3757 544 3808 Persa
569 3771 661 3806 everso
688 3755 829 3806 Medorum
857 3765 884 3808 et
911 3756 1077 3822 Assyriorum
1102 3756 1215 3824 imperio
1242 3763 1300 3808 tota
1318 3756 1387 3808 Asia
1462 3779 1463 3784 ¹

288 3827 394 3896 potitus
411 3843 496 3879 annos
513 3826 547 3878 31
576 3827 704 3893 regnavit.
748 3826 828 3878 huius
857 3827 944 3895 primo
973 3843 1044 3878 auno
1062 3835 1167 3894 tempus
1195 3825 1387 3878 turonorum
1462 3849 1463 3890 i

291 3898 456 3966 captivitatis
474 3897 637 3965 completum
656 3905 705 3948 est.
725 3897 889 3965 procedente
908 3913 979 3948 anno
999 3899 1031 3948 iis
1051 3898 1232 3948 Hebraeorum
1252 3899 1298 3966 qui
1318 3913 1387 3966 pos·
1462 3897 1463 3938 ἐ

168 3977 173 3990 “
227 3971 229 3975 ’
290 3976 359 4030 seut,
377 3969 499 4036 permisit
512 3969 597 4030 abire,
617 3977 644 4020 et
654 3969 839 4034 Hierosoiyma
854 3970 973 4019 incutere
990 3977 1018 4018 et
1033 3969 1163 4036 tempium
1180 3970 1323 4018 restituere
1337 3986 1386 4020 eoa

290 4039 378 4089 iussit.
400 4037 478 4090 duxit
490 4040 623 4092 israelitas
638 4038 782 4090 redeuntes
799 4041 881 4102 lesus,
900 4039 1015 4089 Iosedek
1035 4039 1115 4101 fitius,
1135 4055 1245 4107 magnus
1258 4039 1386 4090 sacerdos
1462 4061 1463 4092 3

291 4117 320 4160 et
340 4108 508 4174 Zorobabei,
528 4109 665 4162 salathiel
684 4111 771 4160 filius·
784 4118 811 4160 et
836 4109 1032 4178 prophetarunt
1051 4111 1172 4178 Augaeus
1191 4118 1219 4161 et
1235 4109 1386 4174 Zacharias,

291 4179 369 4232 Addo
389 4181 470 4232 iilius.
507 4198 591 4251 quum
612 4197 675 4234 vero
694 4182 722 4242 ii,
739 4182 787 4251 qui
808 4198 868 4232 cum
890 4183 953 4248 Iesu
975 4181 1093 4251 profecti
1111 4189 1187 4233 erant
1205 4181 1301 4254 tempii
1321 4181 1387 4234 iun·
