2892 4904
277 339 350 409 512
686 342 940 408 EUSTATHIUS

274 494 433 596 regsrsoig
452 490 508 558 sai
534 491 642 558 εἰκόνα
660 491 779 578 ταύτην
806 493 841 559 ἐν
862 491 939 578 ἡμῖν
960 494 1166 577 α’νεοτήλιοσα
1186 497 1371 562 sersenati-

277 589 335 675 κήν
351 583 396 658 ὧν
425 591 606 674 ἐπάθομεν·
664 597 721 658 καί
740 590 826 658 ἔστιν
854 594 917 657 dud
937 597 993 676 τῆς
1014 588 1085 676 άρτι
1107 587 1224 679 ὄφελος
1243 597 1371 676 dunfini.

276 715 342 760 νειν
376 693 422 766 εἰς
454 687 508 756 τάν
536 693 576 778 τῇ
600 694 767 780 ζωγραφίᾳ
801 693 902 778 ταύτῃ
923 696 1199 777 ἐπινιρονιζοντα,
1233 699 1294 759 καί
1309 695 1371 778 μήν

276 795 332 856 καί
352 792 543 873 α’γαπιόντα·
585 789 628 866 ὡς
647 786 663 854 ὃ
682 815 718 874 ys
738 789 795 876 τήν
816 793 932 875 α’κριβή
952 791 1212 878 ιλιαζιογράφησιν
1233 819 1373 880 μεμισή-

277 888 340 965 κιάς
361 893 453 954 ου’άὲν
472 882 573 974 ἧττον,
589 889 680 974 φασί,
701 889 757 955 καί
768 888 824 973 τήν
843 892 999 977 ἀλήθειαν
1017 894 1238 977 σονεμίσήσεν.
1284 891 1393 977 οἶμαιδ

278 993 314 1054 δὲ
334 993 389 1054 καί
409 986 452 1064 uic
474 988 674 1074 εὐλαβητέον,
693 987 738 1075 μή
754 992 794 1078 τῇ
809 992 1031 1076 περιφρονήσει
1045 994 1111 1056 τῶν
1131 996 1292 1058 ἐνταυθοῖ
1310 999 1374 1058 διε-

280 1091 535 1174 ζωγραφήμὲνιον
556 1095 610 1152 καί
630 1093 671 1176 τῇ
693 1093 839 1155 ἐντεῦθεν
861 1089 1025 1176 άπαλειφῇ
1041 1094 1099 1155 τοῦ
1117 1091 1313 1174 ταπάματος
1334 1085 1377 1159 ὧν

278 1189 502 1270 πεπόνθαμεν,
525 1187 644 1274 α’νάγκη
675 1193 743 1256 ἐστι’
761 1190 817 1254 καί
833 1187 930 1278 ἑτέρῳ
951 1191 1148 1279 μιταχρονιίρ
1169 1189 1378 1276 άρχιζωγρά-

279 1311 330 1375 φῳ
351 1292 413 1352 τῶν
445 1285 598 1354 τοιούτων
624 1286 891 1375 πινακογράφημα
920 1287 1025 1374 ἕτερον
1045 1293 1099 1376 ἐφ’
1122 1290 1246 1372 ὁμοίοις
1268 1296 1378 1374 ποθή.

278 1412 377 1470 μασιν
398 1389 432 1456 ἐν
450 1385 527 1467 ὖμΐν
555 1386 745 1472 στήσασθαι.
796 1379 834 1452 eri
857 1386 918 1471 γάρ
939 1386 1006 1454 ἴστε
1028 1392 1151 1465 πάντας
1172 1390 1216 1465 ὡς
1238 1385 1279 1454 ori
1302 1397 1411 1472 μίανιο

279 1486 400 1571 πληγήν
427 1485 504 1563 θεὸς
536 1487 675 1571 ἐντήκειν
708 1482 776 1552 eide
797 1496 862 1563 τοῖς
885 1489 1126 1575 α’νεπιστρόφως
1156 1490 1378 1576 κακοτρόποις,

280 1587 358 1652 ouidi
377 1587 524 1667 εἰσάπαξ,
553 1586 635 1652 ἄλλά
668 1585 769 1654 πολλά
788 1591 866 1674 βέλη
892 1599 966 1672 παρ’
989 1589 1076 1675 αὐτῷ
1095 1591 1114 1674 ή
1132 1590 1250 1674 μονική
1276 1597 1379 1676 φαρὲι

279 1711 342 1771 τρα
363 1685 502 1768 κρύπτει,
523 1690 556 1766 ἐξ
572 1678 617 1750 ὧν
636 1687 689 1751 det*
707 1687 993 1754 κατασκοπεάονιαι
1009 1689 1097 1775 αὐτῷ
1119 1690 1175 1753 sal
1189 1689 1380 1772 βάλλονται,

281 1786 570 1871 σονεκπολεμοάσής
591 1787 677 1872 αὐτῷ
696 1787 752 1850 καὶ
771 1790 828 1871 τῆς
852 1790 935 1872 α’ρᾶς
954 1791 1024 1875 [τοῦ
1041 1787 1272 1874 μοροβλάτον].
1295 1789 1380 1855 duri
1421 1777 1432 1792 ’

281 1885 327 1972 μή
349 1885 433 1969 ἡμῖν,
453 1885 560 1972 κύριε,
581 1883 626 1970 μή
646 1885 745 1970 ήμῖν,
770 1887 838 1952 a'tt’
859 1881 881 1971 ἢ
900 1892 943 1976 τῷ
963 1886 1096 1969 ὀνόματί
1111 1912 1170 1953 σον
1189 1886 1248 1964 δὸς
1270 1889 1411 1967 δόξαν.15

282 1990 391 2066 ἐξελοῦ
421 1988 483 2074 [δὲ]
510 1990 721 2069 θλιβομένους
752 1986 855 2071 ἡμᾶς,
886 1990 942 2052 καί
962 1981 1047 2052 οὕτω
1067 1985 1279 2070 δοξαζόμενος
1298 1989 1380 2054 κατά

281 2084 317 2154 sd
337 2085 411 2152 “soi
428 2091 463 2152 ἐν
482 2086 588 2174 ήμέρρ
608 2082 752 2166 θλίψειάς
780 2110 839 2152 σου
858 2090 1054 2165 ἐπικαλέσας
1072 2111 1130 2172 με,
1162 2091 1235 2176 [καί
1254 2091 1383 2166 ἑξελαὸ-

282 2189 347 2269 μοι’
365 2192 424 2271 oe,]
447 2185 503 2250 sui
527 2185 670 2264 δοξάσεις
687 2189 765 2274 μι,”
785 2183 843 2255 τὸν
865 2180 964 2263 ὅντως
991 2184 1318 2276 άπερδεδοξαομὲνον,
1335 2189 1382 2262 εἰς

283 2286 403 2364 πάντας
422 2283 497 2363 τούς
517 2286 646 2360 αἰῶνας.

286 2557 402 2628 quadam
427 2555 591 2622 ostendisse,
617 2575 687 2679 puae
707 2559 778 2629 passi
800 2575 909 2625 sumus;
932 2567 1014 2630 atque
1029 2573 1139 2611 necesse
1157 2565 1208 2622 est,
1227 2558 1378 2630 procedere

285 2647 335 2680 nos
353 2629 387 2680 ab
405 2645 447 2694 ea,
464 2647 545 2700 quarn
573 2645 616 2680 mo

286 2700 390 2752 curiose
410 2699 530 2752 intuetur
556 2698 679 2772 adeoque
711 2703 812 2769 diligit:
832 2704 934 2772 quippe
957 2703 1004 2771 qui
1027 2700 1116 2752 oderit
1134 2712 1289 2754 accuratam
1309 2705 1379 2754 ima-

286 2772 384 2840 ginem,
403 2773 512 2840 pariter,
531 2771 614 2833 siunt,
634 2773 714 2824 etism
734 2790 790 2824 rem
814 2774 900 2842 ipsam
924 2771 1021 2824 oderit.
1056 2771 1209 2822 carendum
1227 2783 1269 2824 est
1288 2774 1378 2841 igitur,

285 2857 330 2902 ne,
350 2857 433 2910 quum
450 2849 667 2905 contemnuntur,
685 2860 755 2912 quae
774 2842 818 2894 bic
841 2841 949 2914 depicta
967 2849 1038 2907 sunt,
1058 2850 1086 2894 et
1105 2852 1251 2914 propterea
1269 2843 1379 2896 deletur

286 2910 477 2978 extinguendis
494 2912 630 2964 coloribus
648 2915 737 2982 imago
758 2929 860 2978 eorum,
879 2930 949 2985 quae
967 2915 1039 2982 passi
1064 2929 1165 2978 sumus,
1185 2929 1250 2966 mox
1267 2915 1306 2965 ab
1324 2917 1377 2966 alio

285 2981 382 3033 talium
399 2999 486 3033 rerum
506 2983 609 3052 pictore
627 2985 754 3052 primario
773 2985 893 3036 tabulam
911 2983 1022 3034 alteram
1041 2983 1070 3034 in
1091 2984 1176 3036 simili
1194 2986 1308 3036 miseria
1328 3003 1377 3036 νο-

285 3052 328 3104 bis
347 3055 463 3121 proponi
481 3061 615 3123 oporteat.
635 3053 799 3106 bene'enim
818 3056 903 3107 nostis
924 3071 1025 3117 omnes,
1043 3053 1124 3105 deum
1145 3073 1201 3107 non
1220 3056 1308 3108 semel
1328 3072 1378 3106 nec

286 3123 340 3175 nisi
353 3139 433 3175 unam
456 3123 561 3194 plagam
580 3123 700 3192 infligere
725 3125 812 3177 solere
827 3125 983 3178 hominibus
1002 3124 1140 3177 obstinate
1159 3126 1313 3193 flagitiosis,
1332 3126 1377 3176 sed

286 3194 386 3256 multas
405 3195 527 3247 conditas
546 3211 603 3246 esse
622 3196 651 3246 in
668 3195 794 3265 pharetra
813 3197 870 3248 eius
884 3197 1002 3264 sagittas,
1019 3213 1085 3266 quas
1104 3196 1239 3266 perpetuo
1256 3196 1378 3248 intendit

287 3273 316 3316 et
331 3266 446 3328 emittit,
473 3276 633 3336 provocatus
660 3268 740 3318 etiam
757 3269 880 3336 precibus
903 3269 999 3330 sancti,
1017 3268 1064 3336 qui
1084 3275 1224 3336 unguenta
1244 3267 1376 3330 exsudat3

287 3335 346 3388 noli
365 3353 427 3388 vero
447 3337 476 3388 in
497 3354 555 3398 nos,
576 3337 695 3400 domine,
712 3338 770 3390 noli
794 3339 824 3391 in
841 3356 891 3390 nos
910 3338 971 3390 illas
988 3337 1140 3401 intendere,
1161 3337 1210 3390 sed
1227 3353 1298 3408 ange
1315 3340 1377 3404 glo·

288 3407 354 3456 riam
382 3408 498 3458 nominis
519 3408 577 3471 tui,
596 3417 624 3460 et
641 3409 726 3459 libera
743 3426 792 3459 nos
812 3425 828 3459 a
848 3407 1051 3470 vexationibus,
1070 3409 1203 3478 gloriosus
1230 3409 1376 3462 secundum

215 3491 217 3498 ’
288 3476 357 3528 illud
384 3476 448 3530 “die
476 3479 627 3530 vexationis
646 3488 709 3531 tuae
728 3480 850 3549 prolecto
871 3478 1009 3532 invocabis
1025 3495 1077 3544 me,
1096 3488 1125 3533 et
1143 3480 1266 3533 liberabo
1284 3490 1323 3544 te,
1349 3487 1376 3530 et

288 3557 318 3598 tu
337 3565 380 3600 me
398 3549 582 3618 gloriaberis,''
598 3550 646 3620 qui
663 3567 770 3603 omnem
787 3551 899 3620 gloriam
917 3567 1060 3621 exsuperas
1079 3567 1130 3626 per
1148 3553 1240 3606 omnia
1259 3551 1374 3606 saecuta.

638 2649 653 2681 0
679 2631 885 2700 proposuimus,
911 2630 1006 2682 tabula
1034 2629 1168 2693 adeum,
1187 2632 1376 2700 quitabnlarn
