2882 4894
275 309 347 388 aaa
563 294 736 409 [saeuas
766 292 1053 406 cuauruarcr]

270 476 403 556 poyatoo
419 474 517 552 μέσον
552 474 711 558 κατεπόθη
736 467 818 555 μετά
848 473 911 537 τάν
932 468 1117 556 οἰκητόρων·
1159 465 1214 535 κατ’
1231 465 1351 554 ἔκραζον

269 569 330 636 όπό
349 568 405 656 τὴν
422 573 480 656 γῆν
500 565 589 648 darec
604 569 634 636 oi
654 566 821 658 ἄνθρωποι
842 569 878 635 τό
900 569 1099 656 “disicere”
1156 567 1211 634 καέ
1229 566 1304 654 γυνὴ
1322 569 1351 632 di

270 695 318 748 τις
338 671 394 736 tut
413 671 513 735 αότού
533 670 677 758 ἀνιράνη
698 673 733 738 ar
747 670 897 746 Κιλικίας
917 661 999 735 οόσα
1020 667 1246 753 γιχαντοχενης,
1266 667 1353 750 όπερ-

267 773 389 854 έχουσα
419 771 457 858 τῇ
482 770 587 859 ἡλικίᾳ
620 773 725 836 πάντα
743 765 913 854 ἄνθρωπον
932 771 1039 854 πῆχυν
1058 767 1132 851 ἕνα,
1155 772 1211 834 καί
1230 774 1353 831 πλατεῖα

267 870 406 956 σφόδρα.
451 869 495 946 τός
515 872 570 935 tut
588 869 752 950 θαύματος
774 872 810 934 δὲ
830 867 860 934 οἱ
887 868 1034 951 ἀόόμενοι
1055 867 1187 954 ὁρῶντες
1210 865 1309 950 πότην
1326 867 1372 930 iat

267 975 333 1046 τοῖς
351 973 570 1056 ἐργαστηρίοις
587 973 642 1034 καέ
661 969 758 1046 οἴκοις
779 971 882 1036 tortu
902 969 986 1054 αόιῇ
1008 965 1069 1034 ἀνά
1095 965 1222 1050 όβολοῦ.

300 1109 303 1118 v
344 1068 383 1136 ‘O
404 1072 441 1135 δέ
462 1067 560 1145 etsie
578 1071 731 1153 βασιλεύς
751 1066 852 1135 πολλοὶ
871 1069 1146 1154 ἐφιλοφρονήσατο
1166 1069 1203 1153 τῇ
1218 1089 1252 1132 τε
1274 1062 1355 1130 πόλει

266 1167 447 1258 Ἀντιοχείᾳ
466 1167 545 1254 πρός
569 1167 796 1254 ἀνοικοδομὴν,
820 1172 875 1235 κατ’
893 1165 968 1242 τούς
988 1171 1023 1232 έν
1042 1167 1124 1254 αόεῇ
1147 1169 1266 1244 ζτόντας
1285 1163 1358 1228 rino-
1413 1124 1420 1207 i

268 1269 480 1351 λειφθέντας·
536 1272 685 1334 τοσοῦτον
713 1271 750 1334 δέ
769 1270 819 1334 ἐπ’
843 1267 926 1355 αύτῇ
944 1259 1077 1352 ἤλγησεν
1098 1265 1142 1342 τός
1162 1265 1218 1333 καί
1239 1267 1274 1331 τὸ
1296 1263 1357 1328 όιό-
1419 1271 1420 1279 ³

270 1367 357 1449 όημα
390 1365 559 1432 ἀποθεῖναι
592 1368 646 1433 καί
665 1367 724 1450 τήν
746 1364 942 1455 πορφύραν,
963 1367 1019 1430 καί
1037 1365 1151 1432 σάκκον
1172 1364 1227 1430 καὶ
1247 1361 1389 1430 annotatt
1420 1355 1421 1367 ¹

270 1470 517 1549 περιβαλέσθαι,
537 1465 594 1534 κατ’
619 1473 745 1533 πενθεῖν
769 1466 830 1546 adui
855 1465 972 1542 πολλός
1001 1459 1134 1548 ἡμέρας.
1188 1461 1359 1548 ἐτελεύτησε
1423 1457 1424 1468 ’

270 1565 307 1628 ἀὲ
329 1566 509 1631 καταλιπιόν
526 1569 659 1650 βασιλέα
680 1565 901 1634 Ἰοοστινιανόν
914 1565 969 1631 τόν
989 1562 1071 1630 ἴδιον
1085 1562 1232 1649 ἀνεψιόν·
1275 1563 1359 1640 ἐτέθη
1424 1561 1425 1588 ³

270 1664 308 1728 di
329 1663 363 1730 τό
385 1668 479 1746 σῶμα
504 1660 603 1731 αύτού
633 1670 668 1732 έν
701 1669 740 1754 τῇ
759 1669 842 1756 μονῇ
867 1668 925 1749 τῆς
947 1661 1158 1749 Αύμούστης,
1181 1668 1214 1729 έν
1233 1661 1361 1744 λάρνακι
1425 1661 1426 1668 ’

271 1767 424 1853 πρασίνρν,
443 1765 521 1845 μετὰ
541 1767 652 1850 θέτης
672 1764 822 1849 γυναικός
843 1768 945 1831 αύτού
966 1758 1154 1850 Εύφημόας·
1212 1765 1246 1828 έν
1270 1753 1296 1851 ᾦ
1314 1763 1362 1824 καί

272 1858 308 1926 oi
327 1868 441 1928 στολαὶ
458 1864 649 1950 τόρέθησαν.
703 1864 759 1931 τόν
782 1867 818 1930 δέ
840 1868 897 1949 τῆς
918 1861 1157 1950 ἀρχιερωσύνης
1180 1866 1298 1949 θρόνον
1317 1864 1393 1926 ‹lt-15

270 1968 357 2026 εἶπεν
375 1963 517 2049 Ἰωάννης
539 1963 557 2027 ό
577 1968 744 2049 λεγόμενος
764 1960 996 2049 Καππαδόκης.

352 2060 520 2138 Ἰουστῖνος
552 2065 764 2130 ἀνεκαλέσατο
791 2065 909 2140 πάντας
938 2061 1034 2148 ἱερεῖς
1061 2067 1117 2130 καί
1136 2057 1256 2146 ἀνέρας
1279 2061 1363 2126 εόσε.
1430 2085 1431 2094 ’

270 2161 338 2242 βιϊς
359 2158 564 2247 όρθοόόξοος,
586 2159 643 2237 οός
671 2163 875 2242 Ἀναοτοὶσιος
897 2160 1012 2239 ἀόέκανς
1034 2160 1190 2248 όξοόρισεν.
1233 2165 1291 2227 έπί
1310 2159 1363 2223 ual-
1431 2165 1432 2170 ’

272 2263 329 2326 τού
352 2253 467 2326 ”Ederae
486 2260 596 2344 πόλις,
631 2264 688 2330 τού
703 2265 839 2350 Σκιρτοό
869 2265 1013 2345 ποταμοῦ
1037 2265 1135 2344 μέσον
1162 2261 1261 2345 αὐτῆς
1284 2262 1364 2345 όιιρ-
1432 2261 1433 2268 ’

175 2433 182 2446 .
271 2363 408 2441 χομένου
437 2363 492 2424 καί
513 2363 650 2428 πλούτου
675 2366 731 2427 κατ’
755 2367 868 2448 τέρψιν
889 2365 972 2452 crispi
999 2365 1238 2447 παρεχομένου,
1261 2365 1396 2446 atqu-2⁰

270 2459 472 2542 μαρήσαντος
496 2459 573 2546 oriar}
596 2460 658 2527 σύν
678 2471 743 2539 τοῖς
765 2463 922 2540 συνοίκοις
950 2465 1130 2548 έποντόσθη.
1170 2459 1249 2543 μετά
1276 2465 1311 2526 di
1332 2457 1362 2524 τό

271 2557 460 2625 παύσασθαι
482 2560 519 2625 τό
540 2557 646 2626 cidara
667 2560 749 2641 πλάξ
771 2565 877 2645 λιθίνη
906 2563 1004 2646 ἀνέθη
1026 2564 1060 2627 έν
1081 2566 1121 2648 τῇ
1144 2564 1203 2626 τοῦ
1222 2561 1365 2638 ποταμοῦ

272 2648 375 2746 ὄχθη,
403 2656 639 2746 ἱερογλυφικοῖς
666 2659 852 2746 γράμμασιν
884 2665 1132 2747 έμιιεκολαμμένη
1155 2664 1365 2746 περιέχουσαν

271 2750 374 2833 ούταις
387 2757 534 2843 θ’Σκιρτύς
552 2763 695 2842 ποταμός
707 2761 869 2847 σκιρτήσει
881 2758 961 2828 κατύ
976 2758 1174 2847 σκιρτήματα
1192 2759 1366 2835 πολι’τιιις.”

345 2876 390 2929 21.
410 2876 494 2946 αὐτῆς
513 2878 534 2931 C
624 2879 667 2934 22.
687 2879 787 2954 εὑρέθη
806 2879 944 2934 Cedrenua
959 2883 970 2934 1
987 2899 1015 2953 p.
1033 2879 1086 2934 olo
1108 2882 1132 2932 1.

272 2988 356 3054 pente
373 2983 469 3035 misere
487 2983 714 3036 comburerentur.
751 2984 799 3037 sed
818 2985 898 3038 etiam
915 2987 944 3038 la
957 2986 1043 3054 Mysia
1057 2985 1260 3057 Pompeiopolis
1276 2983 1364 3038 deleta

271 3052 393 3108 concidit
412 3054 440 3106 iu
460 3056 577 3123 incolaa;
596 3063 624 3107 et
649 3056 799 3108 clamarunt
816 3058 864 3127 qui
888 3066 958 3109 terra
976 3057 1079 3111 conditi
1100 3065 1178 3110 erant
1196 3056 1364 3108 “miseremi-

271 3125 327 3178 ni.”
361 3124 461 3177 mulier
478 3125 529 3176 sub
547 3143 579 3179 eo
599 3127 703 3179 exstitit
722 3129 827 3193 Cilissa,
847 3145 959 3200 corpore
986 3130 1120 3198 giganteo,
1138 3129 1188 3181 alti
1206 3130 1258 3179 viri
1281 3135 1365 3181 statu·

271 3212 327 3248 πται
347 3195 441 3248 cubito
464 3213 593 3266 superaus
612 3206 640 3251 et
656 3197 800 3253 admodum
822 3199 888 3266 luta,
906 3202 946 3253 ita
964 3209 994 3252 ut
1009 3200 1203 3252 admirarentur
1220 3200 1268 3270 qui
1287 3198 1365 3252 vide·

270 3264 339 3322 bunt
357 3268 387 3319 in
404 3267 516 3320 olliciuis
535 3278 563 3322 et
580 3266 752 3324 domihnaet
771 3271 881 3323 obolum
900 3274 926 3324 ei
945 3272 1062 3341 quiaque
1083 3271 1166 3323 claret.

342 3339 397 3390 tter
415 3338 700 3393 benevolentissimum
722 3359 752 3395 sc
778 3343 914 3412 praestitit
934 3342 1105 3405 Antiochiae,
1123 3350 1153 3393 ut
1171 3341 1365 3400 restitueretur,

271 3415 300 3462 et
318 3409 366 3472 eis,
387 3410 435 3479 qui
453 3411 508 3462 vivi
526 3412 614 3464 relicti
632 3421 716 3466 erant.
765 3422 847 3483 atque
870 3413 909 3466 ita
934 3413 1004 3466 hanc
1028 3415 1208 3465 calamitatem
1233 3412 1319 3472 luxit,
1337 3415 1366 3460 ut

271 3479 395 3533 diadema
417 3489 445 3533 et
462 3498 606 3551 purpuram
622 3482 778 3553 deponeret,
798 3501 903 3536 saccum
922 3493 950 3536 et
967 3485 1084 3536 cinerem
1102 3485 1234 3544 inliceret,
1253 3483 1366 3534 multos-

270 3567 325 3621 que
348 3551 406 3604 dies
424 3551 539 3606 doleret.
581 3555 699 3608 moriens
724 3571 814 3625 regem
839 3557 951 3625 reliquit
975 3557 1153 3608 lastinianum
1176 3553 1298 3615 affinem
1323 3567 1364 3602 se-

270 3625 364 3692 pultus
385 3631 425 3674 est
445 3624 475 3676 ia
499 3627 661 3678 monasterio
679 3627 815 3696 Augustae
844 3628 874 3678 in
893 3643 953 3678 arca
972 3627 1079 3696 prasiua
1097 3627 1171 3678 iuxta
1191 3623 1366 3693 Euphemiam

271 3710 391 3758 uxorem,
412 3693 460 3746 ubi
481 3698 562 3747 ctiam
580 3698 667 3749 stolae
680 3698 807 3752 iuventae
825 3706 895 3750 sunt.
934 3700 1120 3768 episcopatum
1140 3698 1229 3748 tenuit
1241 3698 1365 3753 loannes,

271 3765 319 3834 qui
344 3765 516 3835 Cappadoces
538 3766 687 3820 dicebatur.

340 3836 460 3888 lustinus
486 3854 579 3890 omues
607 3840 759 3892 sacerdotes
788 3840 904 3910 piosque
940 3838 1105 3891 orthodoxos
1134 3836 1278 3895 revocavit,
1295 3849 1366 3894 auos

272 3905 427 3958 Anastasius
445 3909 545 3961 iniuste
567 3910 740 3978 relegaverat.
785 3911 836 3962 sub
854 3927 888 3962 eo
911 3909 1017 3970 Edessa,
1038 3927 1117 3979 ηοοιπ
1136 3908 1244 3977 pcrlluit
1264 3905 1365 3956 Sciruu

273 3969 369 4028 fluvius
389 3978 496 4030 divitias
517 3990 545 4032 et
565 3981 761 4034 oblectationes
781 3991 938 4052 suppetens,
962 3981 1138 4031 iuunrlatiuue
1157 3979 1226 4030 sacta
1245 3995 1305 4026 curu
1324 3976 1366 4026 iu·

273 4046 495 4100 colisaubmcrsa
526 4059 573 4103 est.
620 4060 761 4122 postquam
794 4069 865 4123 aqua
887 4053 997 4104 recessit
1019 4052 1127 4119 lapidea
1146 4049 1238 4100 tabula
1257 4047 1366 4098 iuventa

274 4124 316 4169 est
334 4118 363 4168 in
381 4118 455 4172 fluvii
473 4121 530 4188 ripa
555 4125 598 4173 cui
617 4123 825 4194 lrieroglyplricis
850 4124 935 4175 literis
955 4123 1022 4176 Ιιιιαο
1040 4123 1168 4192 iuscripta
1187 4125 1279 4174 eraut:
1296 4117 1366 4169 Scir·

274 4195 317 4242 tua
337 4188 435 4244 fluvius
453 4191 536 4243 malas
555 4195 713 4248 saltationes
731 4193 833 4248 civibus
852 4194 987 4248 saltabit?
