2892 4904
197 362 252 422 ou
269 351 576 418 messeiomct
595 354 623 418 A
642 355 802 423 irritus
821 359 966 425 cirri.
1052 351 1126 430 483

39 515 199 595 τιμᾶσθαι,
218 506 274 574 κατ’
293 512 334 594 τῷ
355 505 413 570 τού
441 499 531 587 οἶμὀο
552 504 643 593 τύφῳ
674 499 814 596 ἄργυρον
834 509 890 578 καὶ
911 535 1034 596 χρυσον
1053 514 1129 596 ἓχο.

41 612 151 698 ρήγησο
186 607 243 675 τὸν
273 605 431 691 ἀρκοῦντα
455 607 500 680 εἰς
521 606 709 690 α’ναποιήοιν
734 612 793 672 τοῦ
813 611 1033 692 ἐλλείψοντος·
1074 616 1131 678 καί

40 717 164 796 βίβλους
188 709 233 792 δύ,
258 711 289 773 εἰ
304 706 360 770 καὶ
379 702 424 788 μὴ
444 702 501 780 τοὶς
519 705 727 790 ἀφῃρημένοις
746 707 800 772 καὶ
818 708 895 776 οὐδὲ
915 707 999 776 πύον
1021 734 1052 776 τι
1072 709 1130 776 ού-

40 811 202 895 χρήστοος,
221 810 289 872 αλλ’
311 799 369 870 odo
391 801 467 880 ὅσας
487 802 697 891 εύηροστὴθη,
722 807 971 892 ἐφιλοτιμήσατο
995 812 1126 878 δοῦναι·

22 911 91 982 5καί
109 909 259 993 πήνματα
290 908 325 971 δὲ
347 907 451 990 κηρῶν
473 900 614 989 α’ργύροα
634 904 842 992 μεταφορητοὶ
867 911 900 972 ἐν
921 906 1023 994 ἱεραῖς
1042 909 1131 976 εἶσύ·

41 1015 113 1092 dors,
131 1009 226 1093 λόγου
248 1000 333 1088 ἄξια,
357 1008 549 1092 ἐχαρίσατο·
591 1005 646 1069 κατ’
666 999 740 1089 ἡμῖν
761 1009 797 1070 δέ
816 1032 887 1072 τινα
910 1011 1038 1094 ζωαρκῆ
1057 1013 1129 1076 tnt-

40 1133 121 1194 νειμε
144 1109 204 1175 σύν
224 1131 260 1190 ys
280 1103 336 1171 καὶ
360 1110 500 1188 βίβλοις,
522 1101 561 1180 ἃς
581 1097 650 1169 ούτι
670 1104 743 1170 λιάν
760 1107 949 1189 ἐποθούμεν,
970 1113 1024 1173 καὶ
1046 1111 1130 1175 ebro.

41 1216 171 1292 νίσμαοα
191 1213 287 1288 ueta,
306 1197 350 1272 du
370 1204 410 1271 τοὶ
431 1208 684 1292 πεφροντισμένα
699 1215 763 1282 τοῖς
779 1209 898 1275 ἐκείνου
921 1205 1012 1292 ἡμεῖς
1034 1203 1132 1288 αὖθις

41 1309 288 1393 ύπεμερίσαμεν,
313 1309 492 1391 αἰτηθέντες
519 1303 575 1369 κατ’
594 1303 638 1389 μὴ
658 1301 781 1387 ἔχοντες
802 1305 1059 1392 ἀπαρνήσασθαι,
1082 1309 1132 1376 ἔτι

22 1412 75 1482 odd
102 1409 159 1474 καὶ
187 1406 257 1491 ἱεροὶ
286 1405 403 1473 ἔπιπλα
436 1403 493 1489 (μὴ
532 1403 593 1489 γοὶρ
613 1408 769 1486 κρυπτέον
797 1405 833 1471 τύ
858 1410 1014 1493 ἀληθές),
1037 1401 1132 1489 ἑξοῖν

43 1505 294 1592 ἑπικοσμήματός
321 1531 354 1572 τι
383 1511 515 1581 πολλοῖς
546 1509 609 1570 τῶν
637 1505 735 1588 ἁγίων
765 1509 937 1592 ἐκκλησιῶν
966 1511 1131 1596 διομοιρα.

44 1608 178 1688 σάμεθα.

123 1713 188 1774 Τού
210 1711 246 1773 δὲ
270 1707 400 1792 κύματος
419 1705 535 1771 τούτου
556 1708 656 1770 ἐκεῖνο
676 1705 814 1786 μάλιστα
837 1705 873 1770 τύ
895 1710 1009 1790 καλόν,
1033 1709 1064 1774 εἰ
1079 1712 1135 1776 καὶ

43 1801 139 1884 ἄλλοις
162 1802 229 1890 εἶχέ
250 1833 281 1872 τι
300 1812 355 1871 κατ’
378 1804 474 1870 κακὰν
493 1808 658 1888 συμμιγὲς,
678 1805 765 1889 παρὰ
780 1805 834 1870 καί
857 1811 943 1896 καλῷ
960 1807 1056 1872 κακὸν
1076 1815 1135 1875 err«

24 1911 131 1993 ομὲνης
150 1909 207 1992 τῆς
229 1905 367 1994 φύσεως,
385 1909 537 1991 κρατῆρος
556 1908 699 1969 τοιοῦτον
711 1909 927 1991 κερασαμένης
950 1909 1043 1994 αύτῷ.
1066 1905 1134 1992 εἶχε

44 2009 180 2091 μὲνγὰρ
215 2005 250 2072 τύ
274 2005 448 2072 Λατινικύν
484 2005 628 2080 ύπούλως
658 2007 734 2085 περί
761 2003 834 2079 τούς
864 2012 938 2070 καθ’
958 2008 1058 2091 ἡμᾶς,
1080 2014 1135 2073 καί

44 2106 156 2188 συχνὸν
178 2109 286 2180 αύτοῖς
319 2103 374 2170 ὕπ’
403 2105 536 2184 ὀδόντας
564 2104 608 2180 ὥς
630 2100 778 2185 ιῖνύθομοι
812 2114 878 2181 τοῖς
900 2103 944 2190 μή
976 2109 1137 2192 κατατήν

45 2205 162 2290 ἡμέραν
186 2210 240 2290 τῆς
260 2203 408 2282 ἁλύσεως
429 2199 513 2268 ἅπαν
530 2202 566 2268 τύ
591 2201 748 2268 πολιτικὸν
768 2205 1004 2290 κατασφάξασι,
1024 2211 1080 2273 καί
1100 2208 1136 2274 τὸ

46 2307 93 2370 tut
115 2311 148 2373 τί
166 2307 309 2390 κεφαλαὶ
338 2303 489 2380 τοιούτοις
527 2303 735 2388 ἐπικάθηνται
765 2301 911 2385 σώμασις
938 2307 994 2371 καί
1016 2301 1064 2373 ὅτι
1098 2307 1135 2372 τύ

22 2405 159 2476 τοιούτων
182 2400 264 2487 αἷμα
299 2405 337 2469 ού
355 2413 443 2468 ποιεῖ
459 2402 633 2490 σύγκρασιν
659 2400 739 2492 πρύς
761 2401 794 2467 τύ
819 2400 990 2492 ἡμέτερον,
1010 2411 1066 2472 καί
1085 2402 1136 2474 ὅτι

45 2507 335 2594 παρακλητεύσομεν
355 2507 412 2571 τόν
432 2505 534 2591 ῥῆμα,
553 2503 608 2566 καί
629 2505 800 2568 πεσοῦνται
824 2509 883 2584 μὲν
905 2506 1016 2582 πάντες
1037 2499 1136 2592 οὗτοι,

46 2603 386 2690 α’ντεισοικισθὴσονται
407 2607 443 2670 δὲ
462 2601 540 2671 κατὰ
562 2601 662 2685 μόνας
671 2609 819 2683 Λατῖνοι,
840 2605 895 2669 καί
914 2599 1015 2682 ούτως
1037 2602 1138 2673 ἅπαν.

111 2785 135 2832 i.
156 2781 365 2856 τιμωρεῖσθαιῖ
443 2781 485 2834 15.
503 2777 648 2854 κρατῆραῖ
751 2779 793 2832 18.
815 2782 1024 2854 καταοφὰξωσι
1040 2785 1065 2836 Τ

47 2943 189 2995 sedetiam
207 2945 352 2995 sceleratos
378 2943 512 3013 quosdam
538 2940 573 2992 od
593 2941 669 3010 palos
691 2940 845 2994 damnabat.
883 2942 958 2994 idem
978 2944 1066 2997 sancti
1083 2961 1135 2998 no·

48 3017 90 3064 stri
107 3016 233 3084 sepulcro
259 3031 353 3066 aurum
384 3021 412 3066 et
430 3021 569 3081 argentum
594 3011 796 3082 suppeditavit,
816 3012 891 3084 quod
923 3015 987 3066 satis
1015 3024 1086 3068 esset
1102 3015 1137 3070 ad

47 3083 137 3137 damus
157 3086 310 3152 sarciendo,
330 3085 412 3137 libros
432 3086 524 3148 etiam,
542 3101 598 3135 non
627 3083 732 3135 ablatos
752 3084 863 3153 quidem
881 3085 962 3137 nobis
982 3095 1029 3138 aut
1047 3089 1137 3138 omui-

47 3172 79 3206 no
98 3157 198 3219 utiles,
222 3156 271 3208 sed
289 3157 389 3227 quibus
414 3157 473 3226 ips'e
489 3155 677 3216 delectaretur,
703 3154 873 3207 ambitiosius
892 3157 1002 3223 largitus
1021 3165 1070 3220 est,
1091 3160 1137 3225 iy-

47 3226 234 3298 cbnuchorque
258 3236 415 3296 argenteos,
448 3228 497 3298 qui
515 3226 641 3277 iusseris
661 3226 766 3294 pompis
792 3227 1036 3291 circumferuntur,
1061 3229 1136 3280 haud

47 3300 162 3366 vulgares
182 3299 301 3351 donavit.
347 3299 427 3350 nobis
452 3297 524 3349 idem
547 3304 605 3348 tum
622 3297 751 3348 alimenta
773 3295 905 3367 quaedam
926 3298 1066 3367 librosque
1085 3300 1136 3350 ob-

46 3369 119 3434 tulit,
145 3387 215 3442 quos
233 3387 290 3422 non
309 3368 454 3420 admodum
476 3365 705 3429 desiderabamus,
722 3375 778 3418 tum
798 3385 871 3418 saera
887 3370 1028 3419 simulacra
1048 3387 1135 3440 quae-

47 3438 117 3502 dum,
139 3441 273 3512 equibus
295 3449 386 3493 tamen
405 3439 562 3508 diligentius
585 3438 722 3491 elaboratu
740 3439 791 3507 ipsi
817 3457 905 3490 rursus
933 3439 1008 3491 iliius
1025 3457 1136 3492 conces-

47 3511 121 3562 simus
141 3512 328 3582 popularibus,
346 3510 446 3582 quibus
466 3510 622 3579 rogantibus
641 3525 761 3560 recusare
777 3508 850 3561 baud
868 3511 976 3576 liceret,
996 3520 1136 3580 praeterea

48 3583 239 3649 supellectitem
258 3599 359 3634 suoram
387 3585 488 3654 (nequo
514 3583 585 3634 enim
612 3580 754 3632 celandum
778 3589 834 3644 est,
852 3581 929 3651 quod
951 3599 1044 3633 verum
1062 3585 1134 3652 est),

48 3653 114 3704 unde
137 3656 289 3706 ornamenti
310 3652 415 3724 aliquid
436 3653 529 3705 multis
547 3651 667 3704 ecclesiis
685 3650 881 3704 distribuimus.

111 3723 197 3776 Huius
227 3728 310 3794 igitur
329 3725 434 3777 comitis
453 3723 524 3776 iliud
542 3725 572 3775 in
593 3723 687 3793 primis
706 3721 787 3774 laude
810 3723 922 3792 dignum
940 3731 1006 3786 erat,
1027 3723 1133 3774 etiamsi

48 3789 138 3847 babuit
169 3799 250 3849 etium
270 3796 396 3850 nonnihil
413 3796 479 3846 moli
497 3793 646 3846 admixtum
664 3811 679 3844 a
698 3800 818 3855 notura,
837 3811 907 3864 quoe
924 3793 1004 3846 bonis
1022 3795 1134 3861 iungere

47 3865 122 3916 solita
141 3869 230 3929 mata',
256 3869 337 3919 talem
366 3867 408 3918 illi
427 3875 556 3920 craterem
580 3867 731 3917 miscuerat.
769 3883 885 3935 namque
903 3867 993 3918 Latini
1016 3864 1134 3918 subdole

47 3935 119 3986 nobis
137 3938 345 4000 insidiabantur,
365 3947 393 3990 et
410 3938 556 4007 perniciem
575 3936 736 3998 fremebant,
755 3937 776 3986 si
795 3937 843 4006 qui
854 3935 898 3988 die
919 3936 977 3997 illo,
995 3953 1049 4007 quo
1069 3937 1134 3990 urbs

48 4018 249 4075 expugnaretur,
277 4026 332 4062 uon
359 4010 496 4061 eivitatem
519 4009 671 4060 universam
698 4006 897 4071 trucidassent,
917 4005 1137 4060 murmurabant„

49 4091 96 4142 que
113 4079 202 4149 “quid
221 4081 279 4132 istis
296 4081 452 4133 bominibus
472 4089 554 4150 ceput
570 4080 601 4130 in
617 4088 712 4131 trunco
732 4077 791 4130 est?
819 4077 900 4146 ¹baud
920 4079 1049 4132 miscetur
1067 4080 1136 4132 isto·

49 4162 101 4200 rum
120 4152 228 4218 sanguis
246 4169 305 4202 cum
325 4161 417 4204 nostro
437 4153 585 4221 sauguine,
604 4165 692 4218 regem
712 4149 873 4218 rogabimus,
891 4149 1020 4218 peribunt
1040 4165 1135 4201 omnes

50 4216 97 4282 isti,
115 4219 205 4274 Latini
227 4223 363 4282 inlocum
392 4239 485 4274 eorum
504 4223 554 4274 soli
582 4221 747 4274 suecedent:
774 4222 812 4271 ita
829 4219 936 4272 demum
956 4221 1046 4272 omnia
1065 4220 1136 4272 bene
