2932 4892
457 335 831 406 eaaouoaamam.
1137 325 1187 404 λε

100 494 262 578 Ζαχαρέας
283 493 304 556 δ
323 493 384 559 τοὸ
403 491 521 558 Ἀδδά.
564 491 777 571 καταθέμενοι
796 489 834 554 δέ
848 484 880 554 οἶ
901 486 976 573 περι*
988 485 1044 554 τάν
1062 491 1189 575 Ἰησοῦν

103 599 154 660 τού
173 599 250 661 ναοῦ
278 590 337 676 την
363 590 481 678 ἕδραν,
504 594 558 675 έφ’
577 586 637 655 ὅλα
656 589 710 674 μβ
739 588 796 674 ἔτη
825 589 861 654 τδ
894 587 986 673 ἔργον
1016 589 1189 658 ἐκωλύοντο

79 694 82 704 “
103 693 347 778 σνμιιεραιιὸσαι,
368 694 482 775 μέχρις
501 684 541 756 οὗ
557 695 699 774 Δαρεῖος
719 687 736 756 δ
760 687 831 764 υἱύς
848 688 1030 756 Ὑστάσπεα
1050 693 1190 781 δευτέρῳ

104 792 158 859 ἔτει
177 794 231 878 τῆς
250 789 369 858 ἑαυτοῦ
400 790 564 872 βασιλείας
585 787 661 866 τούς
688 791 912 872 ἐμποδίζοντας
932 789 1122 866 α’ναστειλας
1139 815 1190 876 τε.

85 891 182 959 5λεέαν
202 895 363 976 ἐπιτρέπει
382 893 441 957 τοῦ
458 893 536 956 ναού
556 891 616 975 τὴν
645 888 853 973 κατασκευήν,
874 887 929 954 καὶ
948 890 1191 973 συμπληρούται

104 986 251 1069 ένάλλοις
270 995 418 1076 τέτρασιν
437 987 549 1076 ἔτεσιν,
567 987 648 1056 ὥστε
668 992 916 1073 συντελεσθῆναι
937 987 1032 1054 αύτὸν
1051 992 1085 1054 έν
1106 982 1191 1067 ὅλοις

104 1089 176 1158 iram
203 1095 481 1174 τεσσαρακονταέξ.
532 1089 656 1175 φανερά
692 1091 728 1154 δέ
750 1093 820 1154 έστι
850 1093 914 1154 τῶν
936 1088 1190 1175 ύποκειμένωνῆ

105 1189 259 1268 άπύδειξις.
315 1188 498 1275 Καμβύσης
521 1190 538 1252 ὁ
559 1193 616 1255 κατ’
632 1184 848 1274 Ἀρταξέρξης
870 1188 902 1272 (ὁ
928 1186 1025 1264 αύτὸς
1047 1191 1084 1254 δέ
1104 1191 1190 1254 έστιν

14 1357 15 1360 ς
105 1287 192 1353 ixei
217 1292 252 1354 έν
275 1291 321 1374 τῷ
348 1283 467 1373 Ἕσδρα
491 1287 655 1372 λεγόμενος
678 1286 915 1374 Ἀρθαοσσθά)
943 1286 999 1354 sair
1029 1291 1143 1370 Κῦρὸν
1171 1279 1190 1352 ὅ

68 1383 405 1470 λδυέύςιδναδεξάμενος
416 1391 621 1470 ἐβασίλευσεν
644 1385 697 1474 έτη
717 1388 812 1454 διτταί.
854 1386 1032 1474 Σφενδάτις
1051 1386 1105 1452 καὶ
1125 1391 1188 1454 Κι-

100 1485 223 1569 μύρδιος
254 1487 391 1575 deriput
419 1488 555 1573 Μάγοι,
581 1490 693 1573 Μῆδοι
713 1490 757 1574 τῷ
776 1490 870 1573 γένει,
891 1491 1074 1569 ἐπιθέμενοι
1095 1493 1188 1570 βασι.

100 1583 216 1652 λεύουσι
238 1591 344 1671 μῆνας
362 1583 449 1654 ἑπτά.
491 1593 629 1673 Δαρεῖος
652 1585 668 1653 ὃ
689 1586 803 1674 Κύρου
817 1591 877 1669 μέν
899 1587 1057 1673 ἀπόγονος,
1075 1585 1187 1654 Ὑστά-

99 1709 171 1752 σπου
191 1689 227 1751 δέ
246 1683 338 1770 υἷάς,
370 1696 438 1764 τοῖς
459 1685 590 1771 Μάγοις
612 1691 798 1770 ἐπιθέμενος
821 1689 877 1752 καί
896 1687 1058 1771 κρατήσας
1078 1689 1188 1770 ἐβασί-

99 1791 180 1851 λευσε
198 1788 296 1873 μέχρι
316 1783 576 1871 συμπληρώσεως
593 1785 808 1872 Ἰερουσαλήμ
826 1785 879 1874 ἔτη
899 1790 933 1864 ἓξ
944 1791 999 1852 καί
1012 1787 1093 1872 πρὸς
1106 1779 1187 1854 ’τού-
1255 1819 1259 1830 ·

64 1901 156 1960 λοτοις
174 1881 255 1951 ἄλλα
287 1889 471 1974 τριάκοντα,
501 1885 583 1954 aiore
616 1891 877 1970 βεβασιλευκέναι
907 1884 963 1972 έτη
991 1887 1047 1962 λς’.
1103 1885 1185 1952 κατά

97 1983 217 2063 τούτους
251 1985 328 2066 τούς
353 1988 491 2072 χρόνους
521 1989 725 2072 Πυθαγόρας
754 1986 774 2051 ὅ
805 1987 981 2073 φιλόσοφος
1002 1987 1186 2074 ἐτελεύτησε

96 2084 144 2149 κατ’
157 2087 368 2174 Ἱπποκράτης
390 2087 407 2152 ὅ
429 2085 540 2171 ἰατρὸς
561 2090 754 2174 έγνωρίζετο.
778 2084 897 2174 Ξέρξης
919 2087 1094 2171 δΔαρειόυ
1117 2085 1187 2163 υἱὸς

96 2185 289 2265 έβασιλευσεν
304 2185 359 2273 έτη
380 2189 417 2255 κ’.
455 2188 658 2274 Ἀρτάβανος
679 2190 866 2271 ε’βασιλευσε
887 2192 990 2271 μῆνας
1011 2186 1046 2267 ζ’.
1067 2191 1186 2272 Ἀρτα-

94 2285 193 2370 ξέρξης
212 2284 229 2350 a‘
251 2284 375 2372 Ξέρξου
406 2286 425 2352 ὅ
448 2289 623 2373 μακρόχειρ
646 2285 718 2373 (καί
735 2279 826 2364 οὗτος
847 2289 881 2353 έν
905 2283 1080 2376 τηῖἚσδρα
1101 2289 1184 2371 ’Λρ-

62 2383 240 2451 sonarem&
271 2390 432 2473 κέκληται)
468 2393 673 2472 ἐβασίλευσεν
700 2385 754 2472 ἔτη
781 2385 846 2470 μα’.
905 2387 959 2452 ε’πέ
994 2387 1110 2451 τούτου
1142 2385 1183 2450 τά

92 2481 165 2547 κατά
187 2484 300 2572 Ἐσθηρ
340 2488 397 2552 καί
415 2492 633 2571 Μαρδοχαῖον
662 2487 718 2552 καί
738 2490 870 2568 ’Λμμᾶν
900 2483 1068 2572 ἐπράχθη·
1110 2488 1185 2550 καθ

93 2579 127 2644 ib
144 2582 254 2667 καιρὸν
290 2583 347 2650 καί
365 2579 503 2672 Ἔσδρας
524 2591 733 2672 προεφήτευε.
776 2583 1041 2670 συγχωρήσαντος
1059 2586 1184 2668 Ἀρτα.

93 2683 195 2765 ξέρξου
208 2678 346 2771 Ἔσδρας
361 2685 379 2750 ύ
394 2683 498 2773 ἱερεύς
516 2686 589 2764 τούς
601 2687 793 2763 ύπολοίπυυς
805 2683 974 2770 άναγαγάν
986 2686 1031 2762 εἰς
1047 2678 1185 2770 Ἰσραὴλ

156 2851 321 2921 7.ἧοτα6

95 2997 242 3050 dementum
266 2999 414 3064 iecissent,
440 3017 490 3070 per
515 3007 587 3052 totos
605 2997 642 3051 42
668 3016 753 3052 annos
772 3017 839 3070 opus
864 2999 944 3052 finire
964 2997 1089 3068 impediti
1111 3006 1185 3062 sunt,

95 3068 174 3120 donec
184 3071 278 3122 Darius
289 3071 427 3140 Hystaspis
440 3071 510 3122 filius
520 3072 608 3122 altero
622 3073 697 3138 regni
709 3089 782 3123 anno
799 3088 848 3124 eoa
859 3073 908 3141 qui
918 3088 986 3140 opus
997 3069 1184 3140 impediebant

95 3141 188 3208 repulit
204 3148 232 3191 ot
247 3141 465 3193 aedificationem
486 3143 580 3210 templi
601 3142 735 3192 adfinem
755 3141 953 3212 perducendam
976 3142 1087 3204 curavit,
1108 3141 1184 3212 quod

94 3210 193 3262 finitum
212 3221 251 3264 est
267 3211 287 3262 4
303 3214 402 3276 annis,
422 3214 509 3264 itaut
527 3213 700 3264 aedificatum
728 3214 764 3265 sit
782 3215 846 3266 tutis
864 3212 899 3266 46
918 3215 1004 3264 annis.
1040 3214 1184 3282 perspicua

95 3290 176 3333 autem
198 3291 238 3334 est
254 3282 349 3334 harum
369 3301 456 3334 rerum
474 3284 671 3354 comprobatio.
716 3284 869 3350 Cambyses,
889 3286 936 3354 qui
955 3285 1037 3335 etiam
1054 3284 1183 3334 Artaxer-

93 3368 133 3402 xes
151 3355 341 3406 nominabatur
359 3353 413 3424 (est
429 3363 519 3406 antem
545 3355 594 3407 illo
613 3355 701 3419 idern,
719 3357 767 3424 qui
784 3356 818 3406 ab
839 3355 924 3407 Esdra
941 3353 1116 3407 Arthasastba
1133 3370 1184 3404 no·

95 3425 213 3495 minatur)
234 3426 331 3492 Cyrum
349 3435 453 3495 patrem
485 3434 592 3476 secutus
609 3425 731 3478 anaos8
757 3428 885 3494 regnavit.
904 3425 1067 3494 Sphendatis
1089 3432 1117 3475 et
1135 3425 1182 3474 Ci-

94 3493 203 3567 nardius
224 3495 321 3546 fratrea
338 3497 431 3564 Magi,
451 3513 549 3564 genere
566 3497 657 3559 Medi,
678 3513 787 3563 regnum
813 3497 914 3567 adepti,
936 3499 950 3550 7
971 3513 1075 3547 menses
1094 3494 1182 3546 admi·

95 3565 239 3616 nistrarant.
276 3567 374 3618 Darius
392 3583 426 3618 ex
446 3569 506 3635 Cyri
521 3576 610 3636 gente,
629 3569 769 3635 Hystaspis
790 3567 862 3618 filius
874 3570 966 3636 Magos
983 3583 1120 3634 aggressus
1140 3574 1182 3618 est

96 3632 173 3702 iisque
196 3639 329 3706 superatis
355 3640 477 3706 regnavit
497 3638 515 3690 6
535 3655 619 3690 aanor
647 3655 733 3708 usque
757 3639 792 3688 ad
812 3639 913 3690 finitam
931 3637 1181 3703 Hierosolymorum
1235 3689 1238 3698 ,

97 3705 300 3760 aedificationem
320 3717 349 3760 et
365 3717 507 3778 praeterea
524 3709 559 3760 30
579 3725 672 3770 annos,
692 3711 731 3760 ita
750 3717 780 3760 ut
799 3711 909 3761 omniuo
931 3709 1051 3776 regnarit
1074 3707 1110 3758 36
1121 3722 1180 3758 ·an-

97 3790 145 3826 uos.
178 3777 253 3830 hisce
272 3779 442 3848 temporibus
463 3779 624 3848 Pythagoras
645 3779 825 3849 philosophus
854 3788 977 3831 mortuus
1005 3787 1046 3829 est
1066 3787 1094 3830 et
1114 3779 1181 3846 Hip-

97 3856 207 3911 puorates
227 3850 348 3901 medicus
367 3851 455 3901 clarus
474 3851 534 3902 fuit.
582 3851 684 3903 Xerxes
700 3853 774 3902 Darii
799 3851 871 3902 iilius
891 3867 976 3900 annos
994 3849 1030 3900 20
1050 3851 1180 3916 regnavit.

98 3917 236 3972 Artabanus
267 3922 388 3988 regnauit
412 3937 517 3973 meuses
546 3923 575 3986 ές
602 3922 760 3973 Artaxerxes
787 3922 881 3973 Xerxis
907 3921 979 3972 filius
1012 3920 1181 3986 longimanus

98 3986 193 4054 (quiet
213 3992 271 4060 ipse
292 4009 307 4041 a
386 3993 432 4043 dre
453 3991 615 4061 Arpasastha
641 3995 806 4060 nominatur)
824 3991 857 4041 41
880 4009 964 4042 annos
982 3992 1111 4058 regnavit.
1131 3991 1181 4042 sub

99 4053 228 4112 bociacta
243 4071 307 4114 sunt
339 4101 340 4104 ,
362 4081 377 4112 a
407 4081 476 4134 quae
504 4064 538 4114 de
563 4062 659 4114 Esther
689 4072 717 4114 et
734 4062 914 4114 Mardochaeo
940 4069 968 4112 et
985 4061 1098 4113 Ammon
1120 4079 1183 4112 nar·

99 4137 197 4197 rantur3
216 4132 300 4184 etiarn
323 4133 407 4185 Esdra
426 4135 474 4186 illo
504 4141 625 4204 tempore
649 4134 832 4203 prophetavit.
869 4150 928 4183 cum
949 4134 1081 4200 permissu
1102 4134 1182 4184 Arta-

99 4201 175 4254 xerxis
184 4203 266 4256 Esdra
277 4203 400 4260 sacerdos
412 4206 575 4276 reliquatio
587 4206 670 4258 Israel
684 4205 808 4260 reductos
820 4204 906 4272 legem
920 4200 1037 4259 edocuit.
1057 4204 1181 4258 Neemias
