2838 4902
271 309 345 392 448
690 322 941 390 ευεελτιιιυε

344 481 397 561 ΙΤί
417 481 471 558 aa·
490 477 526 542 τό
544 480 604 560 μὲν
620 475 728 540 λαϊιιὸν
747 473 896 558 σύστημα
924 473 981 556 τῆς
1001 469 1122 550 πόλεως
1143 467 1226 540 οὕτω
1246 473 1343 540 ποιοί·

268 562 364 664 μενον
394 573 434 663 ἦν
462 577 518 642 καί
546 577 627 661 ὑπὲρ
658 574 676 638 ii
703 574 855 661 πεφύκει·
902 571 938 638 τὸ
968 575 1005 636 δὲ
1026 576 1083 655 τῆς
1099 578 1210 656 λοιπῆς
1231 577 1344 658 μερίδος

270 685 413 763 ἐμιμεῖτο
449 679 504 744 τόν
537 672 731 760 στρατηγόν,
764 677 820 739 ιιαί
853 675 911 740 rori
948 667 1076 738 ιῖοιοιίειν
1108 671 1210 752 μόνου
1242 677 1345 758 ἐγίνετο

270 780 326 844 καί
361 779 462 860 aipein
501 768 615 840 οὔκουν
654 777 722 840 ουίί
757 771 836 838 αὐτὰ
873 769 1008 856 αἐργούς
1046 769 1115 854 εἶχε
1151 773 1211 848 τοὶς
1238 781 1347 859 χεῖρας,

269 880 340 944 αλλ’
361 873 428 945 οἷον
450 871 660 956 ἐκλαθόμενον
681 873 915 950 agitatiora
936 873 1045 947 ου’τοῖς
1064 869 1187 950 ἔξεστιν
1207 870 1366 958 α’νιλροὶοινο

204 993 257 1050 290
272 976 412 1059 αἱμάτων
441 973 537 1061 εἶναι,
570 972 828 1056 μετιχροίζοντο,
854 972 1093 1056 ἑπιιιριᾶπτονιες
1122 976 1183 1052 μὲν
1210 970 1246 1043 τό
1272 970 1349 1054 βαθὺ

269 1073 495 1157 ἆποστολικόν,
528 1073 767 1152 ἐπιπολάζοντες
793 1076 830 1138 di
859 1070 892 1136 τί
918 1068 1158 1157 ιιοσμιιιιίτερον.
1200 1077 1256 1136 καί
1278 1065 1350 1154 ἦσαν

268 1176 325 1242 καί
343 1180 377 1253 ἔξ
411 1176 515 1240 αὐτῶν
543 1173 691 1257 ὀχλήσεις
712 1181 779 1248 τοῖς
800 1173 960 1252 πολεμίοις
987 1171 1047 1236 oda
1067 1176 1224 1256 ἀγεννεῖς·
1264 1167 1283 1234 ὅ
1301 1194 1350 1234 πο-

268 1283 326 1342 θεν
354 1275 477 1358 γνόντες
507 1277 619 1340 ἐκεῖνοι
651 1277 754 1348 κακῶς
784 1275 819 1337 ἐν
838 1275 874 1359 τῇ
902 1268 1020 1338 atdans
1048 1272 1186 1348 καὶτοῖς
1204 1269 1350 1345 τοιούτοις

267 1374 470 1459 προσήγοντο.
1358 1381 1380 1432 u

354 1473 513 1558 Τοιαύτην
534 1476 702 1537 συντονίαν
719 1471 825 1556 μα’χης
844 1470 875 1536 oi
895 1475 950 1556 τῆς
970 1468 1090 1548 πόλεως
1104 1467 1270 1557 ἣρμοττον,
1289 1463 1350 1534 οὔθ’

266 1577 388 1660 ἡμέρας
415 1573 654 1654 διακοπεόμενοι
685 1565 757 1638 οὔτε
778 1573 897 1649 *νυκτὸς
925 1574 1162 1646 ἀναπίπτοντος.
1204 1571 1352 1653 ἐμάχοντο

267 1679 327 1755 μὲν
348 1671 409 1756 γάρ
439 1675 645 1753 πανημέριοι,
672 1667 842 1753 παννύχιοι
870 1675 905 1736 δὲ
927 1663 1007 1754 ἦσαν
1027 1673 1062 1736 ἔν
1082 1671 1278 1756 ε’γρηγὸρσει,
1297 1695 1353 1754 φο-

267 1772 366 1846 λοικοὶς
390 1769 527 1854 ἔχοντες.
571 1767 588 1834 ὃ
608 1774 664 1834 καί
684 1767 805 1852 ἔβλαψε
825 1772 882 1854 τήν
905 1771 1068 1853 πόλινοιίχ
1089 1765 1227 1854 ἥκιστα·
1251 1767 1280 1834 οἱ
1298 1767 1352 1851 γὰρ

269 1875 365 1935 αὐτοί
384 1855 608 1946 ιίνεξοὲλλακτοι
629 1866 770 1935 rioilus
796 1871 908 1953 καιρὸν
929 1874 984 1954 τῆς
1003 1871 1186 1952 πολιορκίας
1207 1867 1384 1951 uomitu-15

265 1993 314 2035 νοι
336 1975 424 2045 τέλος
438 1970 611 2054 α’πέκαμον,
632 1972 884 2054 παρειμένοιιιαί
904 1969 944 2035 τοὶ
969 1973 1068 2052 νεῦρα
1088 1969 1144 2034 καί
1163 1966 1223 2046 τὰς
1242 1965 1356 2050 ψυχάς.

265 2067 396 2152 salario
416 2072 600 2135 τελευταίαν
620 2065 826 2154 bipartiatur,
846 2073 919 2151 μεθ’
939 2067 978 2152 ἢν
999 2065 1073 2150 ἡμῖν
1095 2067 1113 2132 o‘
1134 2061 1224 2152 ἥλιος
1245 2071 1355 2132 duoru-

265 2171 331 2251 χοῦς
353 2166 514 2252 ἔλαμψεν,
535 2172 593 2232 ουίι
615 2164 682 2251 εἶχε
708 2167 741 2234 sti
765 2163 841 2256 ἓιρον
857 2179 963 2251 τεῖχος
984 2166 1059 2243 τούς
1086 2165 1267 2253 φυλάσσειν
1290 2171 1356 2232 ἐθέ.

265 2277 387 2346 λοντας.
407 2271 462 2335 καί
481 2270 519 2332 ori
541 2266 638 2350 μόνον
660 2266 713 2332 ord
736 2267 795 2352 τὴν
815 2270 850 2332 ἐκ
869 2257 1014 2349 καμάτου
1035 2267 1177 2352 πάρεσιν,
1202 2270 1285 2332 date
1309 2271 1357 2332 ναί

265 2371 348 2432 διότι
370 2370 531 2454 πρόληψις
563 2364 624 2453 ἤδη
652 2363 771 2434 ἅπασιν
805 2371 956 2452 ἐνεγένετο
985 2372 1018 2443 ἐς
1049 2361 1162 2451 αὔριον
1190 2367 1251 2452 τὴν
1272 2371 1386 2442 πόλινοο

264 2466 458 2534 ἁλώσεσθαι.
509 2471 564 2535 καί
588 2469 630 2545 ὥς
652 2462 706 2533 οἷα
735 2472 791 2532 καί
820 2470 865 2542 είς
886 2465 993 2553 ιιοινὴν
1014 2459 1092 2552 ἦλθε
1113 2470 1209 2532 τοῦτο
1231 2467 1356 2546 ἔννοιαν,

265 2567 330 2648 οόμί
347 2592 422 2637 ποτε
452 2567 598 2634 ἁπάντων
627 2565 847 2652 ε’πεγνωκότιον
877 2567 934 2632 τὸν
969 2566 1080 2653 εἱρμὸν
1106 2571 1164 2650 τῆς
1197 2567 1278 2634 κοιτοὶ
1308 2567 1358 2634 τὸν

206 2703 208 2706 ·
263 2670 439 2754 στρατηγὸν
472 2667 610 2752 α’τρόιιου
632 2672 810 2748 Κλωθοῦς,
840 2673 895 2732 καί
927 2668 1035 2734 αὐτῶν
1055 2672 1091 2734 δὲ
1117 2671 1183 2734 τῶν
1203 2671 1357 2752 πολεμίων

263 2766 320 2852 τὴν
340 2773 577 2854 προηγουμένην
588 2764 709 2854 ἡμέραν
731 2767 939 2851 α’ναβοοίντων
959 2769 1157 2855 Στεντόρειον
1174 2770 1211 2834 ἐν
1233 2772 1279 2858 τρῖ
1300 2795 1358 2852 μιτ-

339 2978 414 3050 Quid
437 2979 539 3047 igitur?
576 2997 676 3032 numne
693 2997 755 3050 pars
773 2981 890 3034 civitatis
908 2982 977 3033 laica
997 2983 1037 3034 ita
1056 2979 1203 3034 laborabat
1226 2989 1255 3034 et
1273 2982 1358 3050 magis,

269 3067 347 3122 quam
359 3069 407 3120 pro
418 3053 514 3102 virium
529 3052 626 3114 modo,
649 3051 746 3122 reliqui
763 3051 858 3104 ducem
871 3053 1046 3104 imitabantur
1059 3070 1110 3104 nec
1129 3053 1183 3103 nisi
1202 3054 1359 3122 spectabant

269 3121 490 3190 audiebantque?
526 3121 567 3172 illi
591 3140 654 3173 veru
676 3141 726 3174 nec
745 3124 796 3192 ipsi
822 3126 979 3192 compressis
997 3123 1121 3175 manibus
1152 3123 1298 3186 sedebant,
1318 3124 1359 3176 sed

271 3193 345 3264 quasi
366 3192 462 3255 obliti,
480 3191 553 3243 haud
581 3194 663 3244 licere
684 3194 733 3244 sibi
756 3196 874 3245 cruentis
893 3211 973 3257 esse,
993 3196 1109 3263 speciem
1127 3195 1286 3258 mutabant,
1304 3197 1359 3246 abs·

271 3265 382 3314 condito
413 3264 508 3314 babitu
535 3265 684 3331 apostolico
711 3266 833 3333 prolixo,
858 3273 886 3316 et
908 3274 983 3316 veste
1004 3265 1072 3316 laica
1089 3282 1169 3334 super
1189 3265 1298 3318 induta.
1334 3282 1360 3316 ae

271 3335 447 3404 patiebantur
467 3351 500 3385 err
519 3335 552 3384 iis
570 3335 660 3385 turbas
678 3334 751 3386 haud
770 3336 841 3386 leves
853 3335 960 3388 hostes:
976 3336 1036 3405 qui,
1051 3353 1080 3386 re
1099 3335 1226 3388 alicunde
1244 3339 1361 3406 cognita,

271 3414 335 3474 post
353 3405 444 3456 urbem
464 3413 643 3472 expugnatam
664 3406 733 3456 male
753 3405 815 3457 illos
839 3423 949 3476 quoque
968 3414 1125 3458 tractarunt.

358 3478 397 3527 lta
417 3477 522 3545 proelia
540 3478 670 3528 continua
698 3477 791 3528 civitas
811 3478 933 3540 serebat,
951 3495 1002 3528 nec
1020 3477 1138 3528 interdiu
1159 3486 1298 3530 cessantes
1316 3494 1361 3528 nec

271 3555 352 3598 noctu
374 3548 583 3616 requiescentes.
607 3546 772 3616 pugnabant·
783 3549 855 3598 enirn
874 3557 932 3600 toto
953 3549 1013 3609 die,
1040 3557 1097 3600 tota
1115 3557 1197 3600 nocte
1217 3549 1246 3601 in
1267 3550 1361 3601 statio-

270 3618 352 3668 nibus
379 3618 537 3684 vigilabant.
579 3633 649 3687 quae
677 3635 718 3668 res
745 3617 805 3668 urbi
835 3619 1061 3687 perniciosissima
1087 3621 1148 3670 fuit.
1194 3621 1300 3672 etenim
1318 3635 1362 3690 per

271 3703 350 3739 omne
372 3696 476 3756 tempus
503 3689 657 3740 obsidionis
680 3687 764 3740 iidem
794 3706 898 3758 semper
918 3692 975 3741 sine
998 3692 1103 3742 vicariis
1123 3690 1294 3752 laborantes,
1313 3707 1362 3760 po-

270 3767 369 3810 stremo
386 3759 534 3828 {defatigati
555 3768 627 3822 sunt,
646 3768 674 3810 et
692 3777 755 3810 arcu
778 3768 806 3810 et
830 3761 917 3811 anima
946 3762 1071 3812 remissis.
1101 3763 1215 3830 'itaque
1238 3769 1300 3813 tota
1318 3762 1359 3811 illa

270 3839 350 3882 nocte
382 3841 517 3893 extrema,
538 3840 600 3900 post
626 3847 706 3899 quam
735 3830 777 3881 sol
805 3831 884 3882 nobis
911 3831 1046 3883 infaustus
1073 3833 1157 3896 lusit,
1185 3848 1241 3883 non
1268 3831 1362 3883 habuit

269 3919 360 3952 rnurus
379 3902 519 3954 orientalis
549 3901 718 3962 (Ιείειιιοιεε,
737 3903 867 3972 quoniam
893 3904 1054 3954 nouaclum
1082 3919 1115 3954 ex
1133 3903 1271 3956 aerumnis
1296 3905 1361 3954 vires

271 3973 436 4034 defecerant,
466 3972 513 4024 sed
538 3974 617 4024 etiam
637 3973 727 4023 cuncti
745 3974 797 4022 iam
828 3984 1040 4042 praesenserant,
1059 3983 1167 4042 postera
1187 3974 1248 4024 luce
1268 3975 1360 4024 urbem

272 4051 380 4110 captum
408 4044 449 4094 iri.
492 4061 524 4093 ac
554 4043 665 4094 subibat
686 4060 718 4092 ea
748 4045 875 4109 cogitatio
900 4047 977 4112 quasi
1001 4047 1120 4095 omnium
1147 4043 1228 4096 simul
1248 4047 1360 4100 animos,

273 4128 354 4180 quum
377 4131 436 4166 sero
462 4113 571 4166 tandem
589 4115 777 4183 cognovissent
802 4123 901 4165 textam
920 4115 953 4165 ab
974 4115 1134 4166 immutabili
1154 4116 1252 4167 Clotho
1283 4117 1361 4168 telam

274 4183 368 4247 ducis,
388 4193 416 4238 et
438 4186 488 4254 ipsi
507 4185 575 4238 adeo
603 4186 693 4240 hostes
713 4185 758 4236 die
785 4187 868 4256 priori
890 4187 1032 4242 Stentorea
1055 4203 1120 4242 voce
1141 4187 1361 4246 conclamassent,
