2892 4904
265 294 340 400 m
465 333 521 380 -t‘
551 335 555 346 ·
583 369 587 380 ·
612 337 639 382 12·
680 329 939 399 nusammua·

265 481 310 560 ὥς
331 487 458 570 ἐρρέθη,
478 483 631 570 φανέντος
654 483 788 569 δόρατος
814 487 934 550 ἐκείνου
963 486 1002 570 τῇ
1016 482 1156 568 ’σονὴθιι
1176 488 1351 564 μετακλίσει

264 583 322 650 καέ
339 581 517 666 κατακάψει
536 581 632 650 duret
642 584 700 648 καί
715 609 779 649 τινι
799 605 987 649 κατανεοσει
1007 587 1150 668 κεφαλῆς
1170 581 1191 666 ἡ
1212 585 1267 648 κατ’
1284 609 1353 667 χει-

266 683 322 768 ράς
343 679 473 764 νεύματι
492 685 769 764 μετακαλοσμένοο
791 682 868 758 τοὺς
886 681 958 762 ἐξω,
977 679 1128 765 βραχέσι
1149 678 1237 765 τέρας
1256 687 1352 764 μέσον

266 773 314 866 ἡν,
334 780 388 846 κατ’
408 781 427 865 ἡ
460 779 551 857 πάλος
579 780 697 866 πλὴρης
719 777 758 866 ἡν
785 785 849 848 τάν
870 783 1036 862 πολεμίων,
1056 782 1259 865 περιάγοντος
1281 782 1353 848 Λέ-

266 882 399 964 μοάστοο
418 881 569 966 τετάρτην
587 885 641 946 κατ’
661 883 801 966 εἰκοστὴν
818 883 940 966 ἡμέραν
954 884 987 960 ἐξ
1006 879 1082 946 ὅταν
1104 884 1228 967 ἐνέστη,
1247 884 1376 964 nudant

266 984 326 1062 μέν
353 981 414 1048 τάν
445 984 499 1046 τοῦ
532 983 697 1066 ναυτικοῦ,
721 976 788 1047 airu
814 979 894 1046 κατά
926 977 1102 1066 σονάφειαν
1137 983 1193 1046 καί
1224 985 1282 1047 τοῦ
1302 978 1356 1045 in-

268 1083 373 1145 πικοά.
688 1163 690 1168 Α

335 1181 423 1246 *Καὶ
440 1174 479 1264 ἡν
497 1183 576 1245 ἰδεῖν
596 1177 653 1263 τὴν
672 1181 794 1262 ἡμέραν
814 1176 884 1244 τάτε
903 1179 1008 1244 οὐκέθ’
1029 1176 1148 1264 ἡμέραν
1168 1175 1252 1244 άλλά
1266 1180 1356 1245 vomi

267 1281 504 1360 introiremus*
527 1275 593 1346 οἷον
623 1282 857 1362 παθαινομένην
891 1280 946 1344 nai
973 1280 1272 1363 σκσθρισπάζσυσαν
1306 1283 1354 1365 ἐφ’

268 1373 316 1454 οἷς
338 1374 433 1462 ἐώρα.
477 1377 593 1464 άμέχλη
613 1378 675 1461 γάρ
696 1377 798 1462 αάτὴν
828 1383 946 1458 βαθεῖα
969 1379 1126 1460 ἐπέχοιεν
1146 1379 1226 1443 riori
1246 1382 1301 1444 κατ’
1323 1383 1354 1444 ἐκ
1363 1395 1389 1446 n

267 1482 445 1564 κονισρτοά,
471 1475 507 1542 έν
537 1475 558 1561 ἡ
589 1479 698 1563 σοφάς
725 1471 850 1562 αἴρειὴ
880 1477 972 1552 nidor
994 1475 1090 1562 ζώων,
1113 1473 1192 1562 άπερ
1218 1478 1355 1561 α’ριθμάς

267 1586 381 1659 μετρεῖ
407 1575 658 1662 άπτιρσπληθὴς·
711 1578 755 1654 τάς
782 1575 863 1642 εἶναι
893 1581 1009 1663 εἰπεῖν,
1032 1582 1131 1642 σ’κνεῑν
1149 1576 1289 1660 λάμπειν
1309 1577 1356 1644 τὸν

267 1673 357 1758 ἡλιον
378 1669 425 1752 οἷς
444 1675 477 1741 αἱ
497 1680 560 1741 τάν
573 1673 907 1762 άπλωνάπερηάγαζον
931 1678 1029 1742 αὐτὸν
1049 1679 1275 1764 λαμπρότητες,
1297 1705 1354 1741 πα·

269 1777 408 1862 ρῳδὴσαι
429 1779 464 1840 δέ
486 1781 540 1840 καί
561 1780 595 1848 ἐκ
613 1780 748 1851 παλαιάς
770 1773 908 1860 Μούσης
928 1779 1164 1842 ’ίάκτωκαέέεκα
1185 1783 1246 1858 μέν
1266 1781 1354 1841 πλέεν

267 1867 374 1956 ἡματα
395 1878 643 1958 ποντοπορεάον”
663 1875 699 1939 τέ
721 1878 777 1959 τῆς
791 1876 911 1950 πόλεως
924 1877 1054 1960 σκάφος,
1077 1875 1351 1963 *ἐννεακαιδεκάτῃ
1362 1893 1390 1943 15

267 1976 298 2038 d'
317 1971 420 2060 ἐφάνη
448 1967 546 2059 οὔρεα
567 1977 745 2055 σκιάεντσ,”
775 1977 816 2040 δι’
849 1966 895 2039 σάν
926 1973 942 2037 ά
971 1977 1028 2058 τῆς
1055 1978 1137 2058 ζωῆς
1165 1975 1243 2058 ἡμῖν
1269 1969 1352 2057 ἡλιος

267 2071 540 2155 άποτειχιζάμενος
559 2076 703 2156 ἐμέλαινε
725 2073 817 2140 σκιάν
845 2074 1106 2156 έπικαλάφοοσαν
1125 2070 1210 2156 ἡμᾶς
1230 2080 1353 2155 ψαλμο-

267 2176 337 2248 usic.
380 2171 409 2238 οἱ
432 2175 468 2237 δὲ
486 2179 566 2255 χθὲς
587 2178 642 2238 καί
661 2174 767 2259 πρῴην
792 2175 971 2255 α’λαλαγμοέ
990 2177 1047 2236 καί
1068 2171 1101 2236 αἱ
1123 2171 1201 2238 κατά
1221 2170 1353 2253 πόλεμον

266 2273 342 2354 βοαὶ
360 2271 447 2338 auid
470 2276 618 2338 ἐντεῦθεν
638 2277 737 2355 θροῦς
758 2273 858 2338 οὐκέτ’
891 2267 983 2356 ἦσαν,
1008 2273 1076 2336 ἀλλ’
1101 2274 1350 2356 α’ντιστρέψαντσ

267 2370 302 2437 τὸ
321 2370 490 2454 ψαλμικάν,
512 2372 569 2438 uris
594 2365 632 2458 ἡν
652 2372 834 2455 α’λολαγμός
858 2376 976 2446 ἐντοῖς
998 2369 1087 2456 ἡμῶν
1108 2371 1276 2455 πλήθεσιν.
1308 2366 1388 2438 rl-no

267 2472 320 2546 άες
339 2473 370 2537 δ’
401 2464 440 2536 dr
468 2472 522 2536 uui
552 2471 669 2557 ὀρνέων
696 2477 873 2562 πετομένων
902 2470 989 2536 κενὸν
1012 2471 1066 2536 τάν
1087 2472 1184 2554 σ’έρα,
1218 2476 1276 2535 οέκ
1296 2467 1352 2536 οἶδ’

267 2569 330 2634 εἴτε
352 2568 406 2634 elmi
431 2569 465 2634 τά
497 2574 555 2635 τοῦ
589 2571 681 2656 άέρος
702 2572 835 2654 στυγνὸν
859 2569 921 2636 εἴτε
952 2570 1006 2634 nai
1025 2568 1070 2635 ὅτι
1093 2569 1224 2657 φρικτὸν
1244 2563 1283 2654 ἡν
1302 2573 1351 2634 καί

266 2667 395 2745 ἐκείνοις
413 2669 450 2735 τὸ
470 2673 609 2755 πρᾶγμα.
662 2671 777 2756 ἡμέραι
799 2675 876 2754 γοῦν
896 2669 1022 2756 ἱκαναί,
1044 2671 1099 2736 καί
1119 2674 1267 2752 ου’έαμοά
1286 2665 1350 2736 οὔτε

339 2845 380 2898 19.
399 2843 596 2919 άντισιρέφαιέ

269 3005 285 3040 a
305 2988 383 3040 nobis
401 2989 522 3060 quidem,
542 2991 588 3062 qui
605 3008 666 3043 eum
690 2993 859 3065 noveramus)
879 3021 913 3032 -
932 2990 1008 3044 basta
1027 2992 1075 3043 illa
1096 2991 1186 3060 igitur,
1206 2999 1237 3043 ut
1255 2989 1351 3043 dictum

269 3065 318 3122 est,
346 3077 425 3130 supra
449 3078 551 3111 murum
579 3061 649 3112 elata
675 3071 703 3112 et
728 3063 807 3114 solita
826 3063 941 3115 flexione
969 3071 996 3114 et
1015 3063 1194 3114 inclinatione
1224 3070 1350 3132 tanquam

269 3139 337 3181 nutu
356 3132 450 3199 capitis
468 3149 595 3183 manusve
614 3133 760 3184 advocante
781 3150 835 3194 eos,
854 3134 902 3204 qui
915 3134 980 3185 foris
999 3142 1084 3195 erant,
1104 3134 1203 3199 exigno
1224 3134 1350 3202 temporis

269 3202 414 3253 intervallo
437 3203 499 3253 urbs
520 3203 642 3254 hostibus
669 3205 780 3272 impleta
798 3211 869 3267 erat,
894 3205 939 3254 die
957 3205 1055 3254 mensis
1074 3206 1188 3271 Augusti
1206 3213 1302 3273 quarto
1326 3211 1351 3254 et

268 3273 404 3334 vicesimo,
422 3275 533 3342 primum
556 3275 707 3336 classiariis,
726 3275 841 3324 subinde
862 3277 942 3326 etiam
957 3273 1095 3342 equitibus
1111 3274 1285 3326 irruentibus.

337 3345 401 3396 Erat
422 3354 509 3397 autem
534 3345 591 3395 dies
614 3347 662 3398 ille
687 3362 743 3396 non
767 3347 822 3412 iam
853 3346 926 3407 diei,
944 3345 991 3396 sed
1011 3347 1085 3396 nocti
1106 3345 1212 3409 similis,
1233 3354 1262 3396 et
1280 3343 1350 3414 quasi

269 3412 396 3465 obscuros
422 3417 561 3484 tristisque.
587 3425 697 3486 propter
722 3433 771 3475 ca,
791 3433 860 3485 quae
887 3416 1024 3466 cernebat.
1060 3415 1163 3466 nebula
1181 3416 1253 3466 enim
1272 3415 1350 3466 densa

269 3485 463 3536 obscurabatur
490 3494 616 3555 tanquam
637 3488 758 3556 pulvere,
782 3487 829 3556 qui
856 3487 965 3537 turbine
993 3486 1038 3536 vel
1064 3485 1181 3556 pedibus
1201 3486 1349 3536 animalium

269 3555 508 3607 innumerabilium
526 3559 673 3608 excitatur:
695 3565 725 3608 ut
742 3559 802 3626 quis
817 3556 906 3608 dicere
923 3557 1134 3626 possit,·aolam
1156 3559 1248 3607 lucere
1271 3556 1350 3606 desis·

270 3641 308 3687 se,
324 3626 399 3696 quod
414 3626 500 3678 lucem
521 3644 595 3678 susm
608 3637 746 3696 superaret
765 3629 854 3695 fulgor
873 3645 1013 3688 armorum,
1034 3627 1078 3677 vel
1093 3627 1350 3679 adhiberevetustae

271 3697 364 3751 Musae
383 3697 453 3749 illud
478 3698 646 3749 “octodecim
674 3699 799 3769 equidem
821 3699 877 3748 dies
898 3715 969 3749 mare
988 3698 1236 3766 transnavigabam’'
1257 3695 1349 3766 scapha

270 3767 373 3820 scilicet
392 3769 479 3831 urbis,
508 3769 725 3820 “undevicesimo
744 3778 833 3820 autem
852 3776 1058 3838 comparuerunt
1085 3777 1191 3820 montes
1210 3766 1349 3820 umbrosi:¹’

270 3838 370 3907 quibus
388 3839 560 3891 absconditus
579 3841 621 3891 sul
637 3840 756 3890 umbram
775 3839 959 3903 diffundebat,
977 3856 1027 3891 nos
1054 3847 1083 3890 nt
1113 3839 1141 3890 in
1166 3839 1276 3909 psalmis
1303 3844 1348 3898 est,

271 3909 486 3972 obscuraturum,
504 3910 645 3962 besternae
668 3919 755 3961 antem
774 3919 801 3961 et
824 3911 952 3978 pristinae
979 3911 1168 3980 quiritationes
1199 3919 1227 3961 et
1256 3911 1348 3960 clamor

271 3979 385 4030 bellicus
414 3989 442 4032 et
467 3980 533 4032 inde
552 3990 626 4032 ortus
657 3982 786 4032 tumultus
818 3997 873 4031 non
900 3981 953 4031 iam
971 3981 1169 4042 audiebantur,
1187 3980 1243 4041 aad,
1261 3987 1347 4030 contra

272 4051 443 4118 psalmistam,
463 4067 519 4103 non
537 4060 594 4103 erat
609 4054 727 4102 eiulatus
746 4053 774 4102 in
793 4051 967 4102 concionibus
985 4053 1093 4102 nostris.
1131 4067 1252 4101 cerneres
1270 4048 1344 4100 etiam

272 4135 360 4172 aerem
375 4122 468 4173 avibus
480 4139 602 4184 vacuum,
613 4125 713 4183 nescio,
725 4130 868 4190 proptarne
883 4121 1007 4173 tenebras
1018 4123 1097 4184 coeli,
1116 4140 1149 4172 an
1162 4121 1234 4192 quod
1248 4118 1345 4172 terribi-

272 4192 305 4244 lis
323 4191 378 4244 illis
388 4209 497 4263 quoqne
509 4194 645 4246 calamitas
659 4194 800 4246 uideretur.
824 4192 881 4246 dies
897 4200 968 4256 certa
986 4192 1136 4264 complures
1149 4192 1345 4263 praeterlerunt,
