2834 4898
281 341 355 414 νεο
606 347 751 416 mous
780 316 1042 413 calumum

281 495 433 580 βασιλεδς
467 491 553 566 εἶπεν
581 496 643 584 “psi
676 503 784 563 λοαοῦ·
796 497 872 582 περὶ
894 495 1029 562 scireut
1079 499 1136 562 aei
1153 494 1216 581 γὰρ
1237 499 1287 564 κατ’
1303 496 1345 562 ris
1406 514 1407 544 ν

281 594 524 663 Βασιλισκιανδν
543 601 677 680 βασιλέα
698 603 783 664 θέλω
803 597 962 682 auricus?
1004 599 1174 674 Βασιλειος
1193 597 1229 662 δέ
1250 600 1282 661 ἐν
1297 602 1346 661 θν-
1406 615 1407 628 ’

279 699 331 783 uqi
350 698 405 761 καί
424 695 507 784 λύττῃ
532 697 652 786 μεγάλῃ
686 699 820 780 γέγονεν.
872 693 1046 774 ἐξελθόντος
1074 697 1110 762 δὲ
1132 701 1192 760 τοῦ
1212 701 1346 779 βασιλέως

280 798 314 860 έν
330 800 376 884 cui
397 798 530 885 κυνηγίῳ
549 799 688 880 μοναχῶς
708 819 757 871 τις
777 791 960 879 δνιοιντιξσας·
979 799 1115 862 δέδωκεν
1129 797 1213 881 αὐτῷ
1233 796 1346 879 χάρτην,

279 892 336 979 τὴν
358 898 426 958 κατ’
457 897 560 960 orituri
585 897 807 980 νμελετοομένην
831 894 1003 978 έσιβονλῆν
1030 892 1090 959 iud
1114 899 1300 962 Bourlsriiu·
1333 890 1363 955 lo
1407 915 1408 936 ι

279 991 433 1076 δναγνούς
451 993 507 1059 καί
526 993 690 1075 θυμωθεὶς
712 998 826 1083 μελετᾷ
845 991 1123 1063 auricomum.
1165 998 1223 1078 τῆς
1245 997 1279 1060 δὲ
1300 1021 1348 1077 μη-

278 1090 351 1171 τρὸς
371 1095 472 1158 αὐτοῦ
492 1089 660 1176 Θεοδῶρας
682 1095 857 1179 καλεσιέσης
884 1090 940 1159 aiv
966 1098 1101 1176 βασιλέα
1127 1096 1174 1168 εἰς
1195 1093 1235 1158 τοὶ
1256 1097 1349 1160 'Avia-

277 1196 378 1274 μιόν,
409 1195 589 1258 αἰιέστειλεν
612 1191 667 1257 εὸν
682 1191 860 1259 Ῥεντάκιον
893 1190 947 1258 τὸν
963 1189 1350 1278 αρωτοβεστιῶρισνιαδτῶ

277 1288 358 1371 μετὰ
380 1291 434 1355 κατ’
451 1286 566 1375 ἑτέρων
586 1289 765 1376 ἀνθρώπων
786 1295 908 1358 οἰκείων
926 1293 1032 1358 ¹uriruai
1050 1292 1130 1375 πρὸς
1150 1292 1186 1358 εδ
1208 1293 1352 1376 θηρεῦσαί
1408 1317 1409 1330 ¹

279 1417 311 1458 τι
330 1392 386 1455 καί
411 1386 597 1458 διιοστεῑλαι
633 1396 672 1480 τῇ
697 1394 795 1477 μητρέ
824 1393 936 1458 adsui.
989 1391 1007 1456 δ
1031 1395 1065 1456 δὲ
1083 1392 1254 1467 Βασιλειος
1273 1403 1377 1456 συντ-λλ

248 1491 447 1569 ΰσκεοάζετο
467 1489 546 1555 κατὰ
571 1494 722 1576 Μιχαήλ,
744 1495 799 1556 καί
817 1482 856 1574 ἦν
884 1489 1075 1576 σκυθρωπός
1097 1489 1192 1556 ττιὶνν.
1232 1494 1284 1556 ini
1300 1488 1350 1553 dsi-

217 1642 222 1650 .
279 1613 359 1653 πνοο
382 1591 418 1654 δέ
451 1593 511 1653 τοῦ
528 1593 684 1672 βασιλέως
703 1593 913 1666 καθεσθέντος
939 1593 1191 1674 προσεκαλέσατο
1213 1591 1351 1654 Eridanus

262 1689 333 1753 'uus'
361 1691 530 1755 Βασίλειον
555 1693 783 1778 συνδειπνῆσαι
811 1691 907 1777 αὐτῷ.
957 1694 1015 1756 τοῦ
1045 1693 1080 1755 δὲ
1110 1693 1265 1774 βασιλέως
1291 1685 1350 1774 οἴνῳ

278 1792 383 1876 collui
404 1792 605 1873 χρησαμένου
627 1789 949 1866 α’ναστὰςΒασιλειος
971 1788 1014 1866 ῶς
1035 1789 1090 1856 dui
1111 1813 1181 1855 τινα
1200 1793 1307 1872 χρείαν
1326 1787 1351 1849 έν

278 1887 323 1974 τῷ
344 1891 466 1952 κοιτῶνι
488 1890 673 1975 διαστρέφει
691 1885 730 1953 τοὶ
751 1893 884 1972 κλεῖθρα
906 1887 1042 1964 δννατὸς
1063 1883 1118 1974 ῶν,
1137 1888 1183 1964 ῶς
1200 1887 1245 1972 μὴ
1265 1887 1350 1948 κλεέε-
1358 1895 1378 1947 15

278 1992 359 2052 σθαι
376 1984 431 2071 τήν
451 1983 576 2069 θύραν·
598 2047 604 2060 ,
624 1989 679 2052 καί
711 1985 859 2052 αἀελθῶν
878 1989 1073 2052 συνεδείπνει
1095 1985 1189 2052 πάλιν
1208 1985 1285 2067 μετὰ
1303 1986 1350 2050 τοῦ

278 2089 445 2168 βασιλέως.
495 2088 608 2151 τοῦδέ
637 2088 792 2170 βασιλέως
812 2084 896 2151 neira
923 2087 1115 2170 οἰνωθέντας,
1135 2086 1351 2170 τῆςἸγγερένης
1410 2097 1411 2128 ³

279 2185 323 2262 ῶς
344 2183 416 2260 ἔθος
439 2184 526 2273 οδτρῖ
544 2185 790 2272 σνγχκιροδσης,
823 2184 960 2262 duacena
980 2183 1120 2269 Μιχαὴλ
1142 2180 1351 2271 χειροκρατοέ·
1410 2171 1411 2218 ³

280 2308 373 2366 μενος
395 2283 481 2368 νεαροὶ
503 2289 675 2352 Βασιλεέον
696 2287 838 2370 ολττῆλθεν
851 2289 885 2350 έν
904 2290 947 2373 τῷ
969 2289 1113 2350 κοιτῶνι·
1136 2277 1178 2348 οὗ
1196 2284 1254 2370 τήν
1273 2291 1353 2367 χεῖρα

281 2384 421 2470 φιλήσας
441 2386 571 2469 ἐξῆλθεν
582 2388 761 2462 Βασιλειος.
802 2382 931 2452 ἔνδοθεν
949 2387 987 2451 δὲ
1008 2387 1067 2449 τοῦ
1087 2388 1234 2460 κοιτῶνος
1253 2377 1379 2467 ἦνΒα-λλ

279 2484 480 2564 σιλισκιανός,
501 2487 542 2572 τῇ
561 2483 703 2551 κελεύσει
735 2487 795 2550 τοῦ
815 2489 972 2567 βασιλέως
991 2483 1142 2558 δσνῶσας
1157 2486 1193 2549 έν
1216 2487 1256 2571 τῇ
1277 2485 1350 2567 κλίνῃ

142 2549 146 2558 ¹
180 2592 208 2644 Ρ.
218 2583 454 2650 λθθῬεννακιόν
485 2584 565 2668 πρὸς
593 2582 742 2671 φυλακήν
773 2583 884 2654 adrui.
935 2579 1082 2669 Ἰγνάτιος
1117 2585 1153 2649 δέ
1189 2582 1351 2665 κοιτανέτης

281 2679 433 2748 δσελθῶν
451 2688 507 2748 τοῦ
527 2691 647 2752 κλεῖσαι
664 2684 721 2769 τὴν
740 2684 844 2769 θύραν
865 2685 923 2749 τοῦ
942 2687 1086 2761 κοιτῶνος
1107 2675 1181 2770 εὗρε
1200 2687 1349 2766 διεστρομ·
1411 2685 1412 2744 l

280 2934 357 2988 lllarn
378 2939 551 2987 contemnere
580 2935 679 2986 lustum
707 2938 772 2987 est.”
807 2934 949 3005 rsepondit
969 2935 1115 3006 imperator
1137 2940 1192 2986 “ue
1217 2929 1348 3004 superbae

279 3005 413 3058 tristeris:
435 3004 638 3056 Basiliscianum
666 3003 701 3056 ad
719 3006 858 3076 imperium
883 3007 1039 3074 promovere
1059 3007 1164 3058 animus
1184 3006 1251 3058 est.’'
1282 3017 1347 3074 porro

278 3073 394 3130 Basilius
410 3076 448 3127 ira
464 3083 491 3127 et
503 3091 623 3127 maerore
640 3092 737 3144 magno
754 3076 905 3128 tenebatur.
924 3093 1029 3146 egressu
1048 3086 1137 3128 autem
1156 3075 1306 3148 imperatori
1321 3069 1347 3122 ad

277 3145 431 3200 venandum
450 3146 595 3198 monachus
614 3147 724 3220 quidam
744 3145 871 3210 chartam,
892 3163 946 3218 qua
967 3146 1082 3199 insidiae
1102 3165 1117 3198 a
1136 3145 1237 3198 Basilio
1253 3153 1345 3216 paratae

278 3219 429 3288 descriptae
447 3213 531 3279 arani,
547 3217 667 3270 tradidit.
690 3229 722 3270 ea
741 3219 819 3282 lecta,
838 3227 866 3270 et
883 3219 912 3270 iu
930 3219 1047 3270 furorem
1064 3235 1164 3280 versus,
1187 3220 1216 3269 iu
1233 3217 1342 3268 basilium

279 3289 455 3342 machinatur.
492 3295 577 3341 matre
597 3297 687 3341 autem
706 3288 852 3342 Theodora
871 3291 1059 3358 imperatorem
1078 3289 1111 3339 ad
1130 3288 1265 3340 Anthemii
1282 3284 1346 3337 aedes

159 3372 166 3397 ¹
281 3360 438 3422 advocante,
456 3362 612 3412 Rentacium
633 3361 867 3430 protovestiarium
897 3377 955 3411 curn
975 3359 1128 3411 domesticis
1146 3360 1216 3422 aliis,
1235 3367 1264 3410 ut
1281 3370 1346 3408 vcna-

280 3441 374 3483 rentur
392 3429 466 3500 quod
485 3433 543 3502 ipae
562 3432 639 3483 matri
657 3434 784 3493 offerret,
812 3431 892 3483 misit.
929 3429 1042 3482 Basilius
1061 3439 1150 3482 autem
1169 3429 1292 3482 adversus
1307 3424 1347 3476 ldi-

279 3501 402 3554 chaelem
433 3501 538 3553 lacinus
563 3501 702 3565 struebat,
731 3510 759 3554 et
783 3501 919 3572 profundo
944 3517 1065 3552 maerore
1085 3500 1292 3570 deprimebatur·
1322 3491 1348 3544 ad

280 3589 391 3624 coenam
407 3589 471 3624 vero
485 3572 580 3625 sedens
598 3574 747 3642 imperator
764 3571 912 3626 Eu'dociam
927 3580 954 3623 et
969 3571 1097 3622 Basiliam
1111 3572 1237 3623 invitarit
1254 3577 1281 3621 ut
1297 3581 1347 3618 con·

280 3643 428 3695 vivareturr
446 3651 503 3696 turn
532 3645 694 3715 imperatore
711 3645 775 3696 vinu
808 3659 867 3695 sese
885 3642 1207 3710 ingurgitante‚'llasilius
1225 3640 1297 3712 quasi
1311 3651 1348 3688 nc·

280 3715 406 3766 cessitate
424 3713 519 3770 ductus
539 3717 568 3766 in
587 3715 740 3768 cubiculum
763 3715 875 3767 interius
895 3722 1039 3783 penetrans
1059 3729 1167 3776 serram,
1186 3730 1243 3765 cum
1262 3707 1348 3763 validus

281 3795 360 3847 esset,
379 3785 516 3848 turbavit,
546 3784 614 3837 adeo
639 3794 670 3838 ut
695 3793 774 3856 porta
799 3786 907 3836 minime
930 3784 1019 3835 claudi
1043 3791 1151 3854 posset3
1175 3791 1204 3835 et
1235 3783 1347 3848 digressus

280 3873 340 3906 cun
367 3858 528 3926 imperatore
545 3855 580 3908 ad
598 3873 709 3910 coenam
731 3856 909 3908 recumbebat.
955 3855 1102 3924 imperator
1120 3857 1171 3905 iam
1191 3854 1346 3906 temulentus,

281 3935 310 3978 et
327 3929 450 3994 Ingerina
470 3944 519 3998 pro
542 3945 615 3980 more
635 3929 660 3980 ei
681 3929 862 3989 colluctante,
880 3942 1012 3992 exsurgens
1029 3943 1044 3976 ιι
1064 3925 1164 3978 basilio
1185 3941 1263 3975 uranu
1280 3921 1346 3971 duce·

281 3995 362 4048 batur
380 4005 408 4049 et
424 3999 454 4050 in
473 3999 612 4068 penetrale
631 3999 790 4064 secedebet;
808 3997 884 4048 cuius
903 4007 1009 4046 manum
1032 4014 1090 4048 cum
1109 3995 1275 4047 deosculatus
1291 3993 1346 4041 esset

282 4065 412 4131 basilius,
445 4070 576 4122 discessit.
613 4071 683 4121 iutra
712 4067 866 4120 cubiculum
893 4067 1060 4137 imperatoris
1092 4069 1164 4118 iussu
1195 4059 1347 4118 recumbebat

282 4136 470 4190 basilisciaaus
495 4156 590 4192 somno
616 4148 737 4209 gravatus
771 4139 799 4191 in
828 4139 898 4189 lecto
930 4139 1050 4189 Rentacii
1075 4137 1107 4189 ad
1131 4139 1189 4188 eius
1208 4133 1345 4188 custodiam.

283 4208 403 4280 ignatius
420 4219 511 4266 autem
529 4211 710 4264 cubicularius
726 4210 764 4270 ¹ad
776 4211 885 4262 ianuam
894 4207 1013 4270 cubiculi
1031 4208 1223 4264 observandam
1241 4215 1347 4278 progres-
