2814 4898
274 337 348 410 330
600 343 744 412 LFlONlS
773 343 1034 412 GRAMMthCl

272 499 415 580 οθησαν,
435 493 453 560 δ
473 496 533 578 μὲν
553 497 715 580 Στέφανος
735 497 780 576 εἷς
800 493 1028 581 Προικύιηυον,
1050 493 1112 560 dni
1134 497 1169 560 δὲ
1184 493 1343 582 fletuum}-
1400 477 1401 524 ἐ

272 622 331 664 σου
352 597 398 672 εἷς
413 594 531 677 Ῥόδον,
551 593 613 660 stro·
636 598 672 661 δὲ
689 593 798 662 Ῥόδου
814 599 859 671 εἰς
873 598 1070 682 Μιτυλήνην,
1091 589 1107 658 o‘
1131 599 1167 660 δέ
1189 601 1345 664 licestrae.

271 705 352 774 τϊνος
372 697 419 770 εἰς
442 697 588 777 Τένεδον,
619 698 740 762 ἐκεῖθεν
760 698 806 772 εἰς
822 697 1047 782 Σαμοθρᾴκην,
1073 698 1108 762 ἐν
1128 688 1148 786 ᾗ
1169 695 1224 760 καὶ
1243 696 1347 778 ἐκταρ-

243 800 344 862 Βσέακ
355 791 531 878 μελετήσας
542 795 622 860 κατά
641 799 705 860 sois
718 793 812 860 αύτὸν
828 794 1055 879 φυλασσόντων
1076 793 1212 880 ἐσφάγη.
1230 794 1349 878 Μιχαὴλ

271 899 307 962 δὲ
326 892 382 960 τδν
409 899 465 960 τού
487 891 715 980 Χριστοφύρου
736 897 892 976 βασιλέως
912 893 995 976 υἱόν,
1018 892 1057 961 τοὶ
1078 894 1230 980 βασιλικὰ
1249 897 1367 960 nitreas

274 991 484 1080 α’φελύμενος,
506 992 654 1078 κληρικὸν
673 994 860 1079 πεποίηκα·
880 989 966 1069 ὄντος
986 997 1020 1060 δὲ
1043 999 1101 1060 τοῦ
1113 997 1268 1076 βασιλέως
1283 993 1350 1060 Ῥω·
1401 1035 1402 1108 η

271 1098 379 1175 μανού
399 1095 485 1182 ἐντῇ
503 1091 587 1181 νήσῳ
606 1089 623 1157 o‘
639 1091 838 1179 πατριάρχης
857 1093 1081 1180 Θεοφύλακτσς
1100 1096 1154 1160 καί
1170 1091 1350 1178 Θεαφάνηςδ
1401 1137 1402 1144 1

272 1196 436 1276 πατρίκιος
456 1191 509 1258 κατ’
529 1193 809 1275 παρακοιμιάμενος
828 1191 947 1277 βουλὴν
967 1192 1195 1275 ἐβουλεύσαντο
1215 1189 1289 1260 ὥστε
1301 1191 1352 1256 πά-

274 1298 324 1356 λιν
345 1295 454 1358 τούτου
474 1295 508 1356 ἐν
534 1296 578 1378 τῷ
599 1295 740 1380 παλατέῳ
771 1293 918 1377 δραμεῖν·
960 1289 1000 1379 ἣν
1019 1297 1074 1360 καδ
1092 1295 1179 1381 αύτῷ
1200 1292 1353 1358 άνακοινω·

273 1387 407 1472 σάμενοι
428 1391 482 1458 καέ
499 1396 753 1476 παρακούσαντες
771 1394 882 1457 τούτου
902 1391 1148 1475 ἐκαιροσκύποαν
1160 1391 1238 1458 πύτε
1260 1390 1290 1458 ui
1309 1395 1384 1459 πέ-λθ

272 1515 334 1574 ρας
354 1491 391 1578 τῇ
413 1493 544 1580 τοιαύτῃ
564 1495 667 1578 βουλῇ
689 1492 908 1576 ἐπιθήσουσιν.
965 1494 1035 1558 ἐπεὶ
1055 1497 1091 1560 δέ
1112 1493 1150 1558 τά
1174 1497 1230 1579 τῆς
1248 1493 1355 1574 βουλῆς

274 1593 495 1679 ἐφωράθησαν
514 1591 569 1656 κατ’
583 1588 1025 1681 κατεμηούθηΚωνσταιτινφ
1038 1598 1180 1677 βασιλεῖ,
1199 1589 1274 1668 τούς
1289 1615 1356 1656 σοι.
1402 1649 1403 1672 ,

273 1689 388 1773 εργούς
417 1688 533 1775 ταύτης
559 1690 722 1774 ἠμύνετο·
765 1686 821 1756 τύν
842 1694 901 1774 μὲν
916 1692 1087 1778 Θεοφάνην
1107 1695 1273 1777 πατρέιιισν
1291 1685 1356 1768 ἐξύ-
1402 1677 1403 1744 3

276 1813 377 1871 ρισεν,
397 1786 452 1854 τόν
485 1791 520 1854 δὲ
550 1789 840 1874 πρωτοσπαθάριον
861 1793 891 1856 Γ
891 1787 1023 1874 εούρμιον
1055 1791 1111 1855 καί
1130 1794 1293 1875 πινκέρνην
1312 1791 1358 1853 κατ’

242 1890 399 1972 ῦΘωμοῑν
422 1887 625 1972 πριμικηρισν
639 1889 746 1973 δεδρας
769 1892 825 1956 καί
844 1888 1020 1975 καυρεύσας
1044 1894 1100 1956 κατ’
1118 1894 1214 1972 μέσον
1233 1893 1290 1972 τῆς
1307 1885 1385 1952 stt-¹⁵

275 1996 354 2066 λεως
374 1990 612 2074 θριαμβεύσας,
637 1984 735 2066 ούτως
749 1987 903 2078 ύπερσρέφ
922 1993 1142 2074 παρέπεμψεν.
1185 1990 1357 2076 Δεκεμβρίῳ

276 2090 313 2154 δέ
333 2088 425 2174 μηνί,
446 2085 471 2164 ς’
494 2089 706 2170 ι’νδιιιτιαῖνος,
727 2087 900 2174 ἐπιβουλήν
918 2111 1001 2164 τινες
1029 2087 1109 2156 κατά
1138 2089 1197 2154 τού
1215 2091 1360 2171 βασιλέως

275 2187 516 2256 Κωνσταντύνοα
544 2190 742 2274 ἐμελέτησαν,
767 2189 956 2272 βουλόμενοι
976 2186 1032 2255 τὸν
1053 2191 1188 2270 βασιλέα
1211 2189 1359 2274 Στέφανον

278 2288 313 2352 ἐν
333 2289 377 2376 τῷ
398 2291 538 2377 notarim
562 2291 597 2354 ἐκ
621 2292 677 2372 τῆς
698 2289 797 2373 κη’σου
827 2292 966 2373 δραμεῖν.
1007 2288 1122 2375 ταύτης
1143 2281 1200 2355 osis
1218 2287 1360 2372 μηνυθεέ·
1403 2277 1404 2288 ’

280 2411 338 2473 σης
360 2389 590 2477 Κωνσταντένφ
623 2388 675 2455 διά
709 2388 851 2473 Μιχαὴλ
885 2393 944 2456 τοῦ
979 2389 1175 2470 Διαβολένοο
1204 2390 1386 2471 separamus

278 2485 351 2562 τούς
369 2488 559 2568 ἐπιβούλους
590 2490 701 2576 δαρμηλ
732 2487 882 2577 α’φσρήτιμ
913 2489 1090 2572 ἐπέβαλεν·
1142 2485 1216 2564 τούς
1238 2489 1298 2570 μὲν
1315 2481 1360 2559 τάς

278 2587 368 2670 ῥῖνας
398 2591 454 2652 κατ’
480 2585 520 2654 τά
543 2581 611 2654 adra
628 2591 801 2672 α’πέτεμεν,
819 2591 875 2654 κατ’
907 2579 992 2664 ύναις
1012 2589 1182 2672 ἐγκαθίσας
1201 2583 1256 2652 διά
1277 2586 1361 2666 μέσης

278 2690 333 2771 τῆς
353 2685 473 2763 πόλεως
501 2686 744 2775 ἐθριάμβευσεν.
798 2691 921 2778 πέμπτη
956 2690 992 2755 δέ
1022 2686 1077 2754 καί
1105 2689 1217 2776 δεκάτη
1241 2683 1359 2754 Ἰουλίου

280 2961 416 3007 cenerum,
435 2953 464 2998 et
481 2963 496 2998 a
516 2945 682 3000 Proeconeso
702 2946 834 3012 Rhodum,
858 2965 873 3000 e
894 2946 989 3002 Rhodo
1007 2945 1126 3018 denique
1149 2947 1178 3000 in
1196 2946 1360 3014 Mitylenenu

281 3015 473 3068 Constantinus
503 3025 593 3069 autem
617 3019 645 3070 iu
667 3015 826 3084 Tenedum,
851 3025 879 3072 et
897 3017 962 3070 inde
979 3020 1007 3070 in
1026 3017 1244 3081 Samothraciam,
1266 3019 1294 3068 in
1317 3032 1360 3086 qua
1403 3067 1405 3086 Ι

280 3087 427 3138 tumultum
459 3096 486 3140 et
513 3087 674 3140 seditionem
692 3089 817 3141 adversus
838 3089 962 3142 custodes
982 3089 1150 3141 machinatus
1170 3089 1203 3140 ab
1230 3090 1272 3140 eis
1289 3086 1360 3139 truci-

280 3155 359 3210 ‹lntus
378 3165 427 3210 est.
472 3157 590 3212 Michael
608 3169 697 3211 erstem
708 3199 717 3224 ,
738 3159 925 3230 christophori
948 3161 1117 3230 imperatoris
1137 3159 1230 3220 filium,
1246 3158 1360 3210 detractis

281 3228 467 3300 imperialibus
489 3230 584 3282 calceis
603 3231 729 3282 clericum
748 3248 805 3282 esse
824 3233 911 3282 iussit.
931 3240 1047 3282 ceterum
1068 3233 1189 3282 Romano
1210 3231 1360 3300 imperatore

279 3301 309 3351 in
327 3299 466 3370 praedicto
484 3300 572 3354 insula
590 3311 722 3366 morante,
740 3301 961 3372 Theophylaetua
979 3302 1130 3374 patriarcha
1149 3311 1177 3353 et
1190 3299 1361 3372 Theophanes

279 3371 410 3442 patricius
428 3379 456 3424 et
474 3371 612 3424 accubitor
637 3373 758 3426 inierunt
781 3374 925 3424 consilium
951 3383 982 3425 ut
1008 3389 1069 3424 eum
1087 3390 1178 3424 rursus
1197 3374 1223 3423 in
1242 3371 1360 3442 palatium

279 3440 435 3494 eveherent.
479 3459 507 3494 ra
534 3442 586 3513 ipsi
616 3445 810 3496 communicata
840 3451 868 3496 et
894 3461 1035 3514 persuasa,
1063 3453 1170 3514 tempus
1195 3441 1361 3514 explorabant

280 3511 460 3575 commodum,
479 3530 534 3585 quo
555 3515 669 3566 consilio
684 3515 766 3567 finem
786 3516 965 3586 imponerent.
1003 3533 1036 3568 eo
1055 3523 1146 3567 tamen
1166 3514 1275 3567 detecto
1293 3507 1361 3564 etad

283 3584 493 3636 Constantinum
503 3585 694 3654 imperatorem
712 3587 814 3646 delato,
835 3594 974 3638 consortes
989 3586 1046 3637 eius
1064 3586 1161 3655 poenis
1180 3585 1280 3638 debitis
1299 3584 1361 3634 ultus

281 3655 330 3706 esi.
366 3655 564 3726 Theophanem
592 3658 737 3727 patricium
757 3659 830 3708 misrt
848 3658 876 3707 in
895 3657 1016 3720 exilium,
1045 3656 1292 3728 protospatharium
1308 3668 1360 3704 vero

281 3725 427 3793 Georgium
447 3735 475 3778 et
493 3727 649 3797 pincernam
670 3735 699 3781 et
718 3727 851 3780 'l'homam
869 3728 1049 3798 primicerium
1070 3728 1227 3780 verberibus
1245 3727 1361 3778 multatos

179 3849 183 3856 ,
280 3805 310 3847 et
320 3795 450 3849 detonsos
462 3815 565 3921 parpue
579 3798 694 3851 mediam
705 3800 800 3851 urbem
812 3798 950 3850 traductos
962 3799 1054 3850 exules
1065 3797 1213 3870 deportari.
1231 3791 1361 3849 Decembri

280 3883 345 3919 vero
357 3883 459 3932 mense,
478 3870 507 3921 in
529 3871 630 3922 ictione
649 3878 735 3934 serta,
745 3869 873 3923 adversus
883 3871 1089 3922 Constantinum
1101 3871 1292 3940 imperatorem
1301 3875 1361 3918 stru·

282 3940 334 3991 etis
348 3939 454 3991 insidiis
464 3939 630 4010 Stephanum
649 3941 837 4010 imperatorem
851 3957 884 3992 ex
904 3941 993 3992 insula
1010 3950 1116 3994 erutum
1133 3943 1162 3992 in
1180 3941 1311 4010 palatium
1327 3937 1362 3984 in·

285 4007 383 4060 ducere
400 4011 489 4063 moliti
511 4020 581 4064 sunt.
618 4012 724 4064 insidiis
743 4012 923 4064 Constantino
941 4011 1121 4064 manifestatis
1148 4029 1198 4083 per
1214 4006 1362 4062 Michaelem

285 4079 396 4132 nomine
414 4081 600 4145 Diabolinum,
621 4093 744 4135 suctores
763 4081 940 4136 intolerandis
952 4082 1069 4134 subiecit
1085 4081 1256 4146 verberibus3
1276 4087 1304 4131 et
1323 4076 1362 4127 λοῦ

286 4149 396 4220 quidem
416 4153 544 4222 praecisis
564 4155 683 4216 naribus,
703 4155 772 4206 alios
792 4153 903 4206 auribus
931 4153 1060 4205 multatos
1078 4153 1216 4224 asinisque
1233 4150 1362 4220 impositos

286 4238 336 4292 per
353 4221 469 4276 medians
486 4224 581 4278 urbem
596 4225 728 4280 traduxit·
745 4231 865 4280 ceterum
878 4224 943 4277 iulii
962 4225 1062 4278 mensis
1079 4223 1126 4277 die
1142 4223 1246 4278 decimo
1267 4222 1361 4294 quinto,
