2838 4902
184 346 236 436 rie
256 372 560 440 nnssncourcn
579 374 607 438 s
625 374 783 440 cnrrurs
803 370 946 441 elren.
1046 363 1118 442 lat

34 524 88 586 δοδ
105 527 162 588 rori
190 520 364 606 ἕμπελάσαι
394 524 505 590 τόντε
535 520 672 608 άδελφὸν
696 525 753 607 τη’ν
782 548 815 588 τε
835 527 958 611 μητέρα
979 533 1043 604 τοῖς
1062 528 1120 592 τού

33 625 231 708 Ἀνδρονίκου
253 620 409 708 άφύκτοις
432 626 536 705 λίνοις,
561 617 629 686 ἀλλ’
651 624 728 688 adsi
750 622 787 708 δη
808 622 842 688 τὸ
866 618 971 708 άκροος
990 624 1122 706 α’μελεΐν

33 720 87 786 κατ’
107 719 195 806 παρά
225 725 349 807 φαῦλον
377 721 435 807 την
464 721 618 807 τοσαύτην
646 721 737 786 πόλιν
763 721 1063 790 caesarasunitis
1086 725 1121 788 ἐν

34 821 116 908 adep*
134 821 236 886 πάντα
257 818 342 908 λαόν,
361 825 494 887 καέπου
515 825 569 886 καί
588 813 741 903 εύχεσθαι
766 820 823 886 τύν
847 821 1020 907 στρατηγὸν
1051 824 1121 888 ε’πι-

10 924 193 1006 sensenna
217 920 271 986 τὸν
291 927 345 1006 τῆς
367 921 513 999 ἁλώσεως
532 918 669 1005 χρόνον,
694 919 727 986 εἴ
743 945 809 998 πως
836 921 983 1008 έκφομοδν
1003 919 1039 986 τά
1061 925 1120 988 τού

31 1025 185 1102 βασιλέως
207 1021 374 1104 πρόσωπον
403 1025 436 1097 ές
466 1021 600 1106 κόρακας
621 1019 823 1104 πτερύξεται,
845 1024 989 1106 συγγενὲς
1012 1016 1052 1087 div
1070 1017 1118 1106 εἴη

29 1117 114 1199 μάλα
137 1124 181 1208 τῷ
201 1121 396 1206 προδιδόναι,
413 1125 471 1186 καί
486 1144 547 1185 που
570 1120 624 1184 κατ’
641 1129 761 1205 χεῖρον,
785 1121 829 1197 uic
851 1113 890 1187 άν
911 1146 957 1199 τις
977 1123 1035 1187 τοῦ
1060 1127 1120 1186 λα-

31 1223 95 1284 λεῖν
113 1219 254 1304 τεχνίτης
283 1222 520 1304 έπαγοινέσαιτο.
562 1220 617 1285 καὶ
645 1219 661 1283 ὃ
692 1221 875 1304 λογίζεσθαι
895 1220 1024 1296 συνετὸς
1042 1243 1197 1297 rav-287·

30 1320 109 1397 τιζοι
127 1322 203 1402 γοῦν
221 1327 309 1386 ταῦτ’
330 1316 370 1386 tir
389 1319 468 1385 κατά
490 1319 524 1386 τύ
545 1315 723 1403 ούστοιχον.
760 1315 842 1385 odam
857 1325 913 1387 καί
933 1321 1119 1405 οἰακοστρό.

8 1435 88 1503 ,θφος
107 1415 188 1495 νεώς
209 1421 249 1482 ου’
266 1417 345 1486 κατά
367 1421 496 1504 κυρείαν
527 1415 608 1486 cilici
631 1422 753 1502 μισθοῦ
772 1423 804 1486 εἶ
825 1422 868 1509 τῷ
891 1427 1119 1506 κεφαλαιωοα-

29 1521 109 1608 μένῳ
142 1519 199 1602 τὴν
229 1522 308 1586 ναῦν
335 1521 475 1606 έμκοτοέη
504 1522 537 1596 ές
564 1511 638 1584 ὅσον
666 1521 725 1584 ούιι
744 1517 811 1585 ἔστι
837 1522 932 1585 πλέον
952 1522 1118 1602 ἐπιτεῖναι,

29 1621 202 1700 παραμένει
227 1623 286 1700 μέν
312 1643 386 1684 ποτε
415 1617 658 1710 κινδυνευούσῃ,
695 1625 790 1686 λαλεῖ
813 1621 850 1686 δέ
879 1621 1033 1703 α’σνντελῆ
1063 1623 1120 1684 καί

28 1715 154 1801 πράττει
173 1719 230 1781 ούκ
250 1715 456 1808 α’ρρρθύμας,
477 1721 533 1784 κατ’
554 1715 611 1803 τῆν
632 1722 744 1804 τέχνην
766 1721 812 1795 εἰς
840 1717 877 1784 ro*
903 1723 966 1785 πάν
989 1717 1117 1784 συστεέ·

28 1823 82 1894 λος
105 1817 222 1902 α’φιήοι
243 1817 279 1883 τὸ
304 1817 426 1906 σκάφος
442 1820 707 1905 προσαραχθῆναι
720 1822 860 1906 σκοπέλῳ
882 1821 937 1884 κατ’
955 1813 1035 1883 κατά
1056 1821 1116 1900 βυ·
1181 1895 1184 1904 ι

9 1919 88 1980 stet
107 1919 204 1983 δῦναι
226 1921 314 2010 αύτῷ
337 1920 446 2008 φόρτορ
478 1921 535 1985 καί
554 1918 717 2006 α’νδράοιν.
760 1913 842 1984 οάτοι
863 1921 919 1984 καὶ
939 1917 1042 2004 φύλαξ
1062 1938 1115 1981 τε.

28 2018 184 2104 λεσφύροο
205 2019 364 2104 α’μπέλου,
388 2016 535 2097 καθάπαξ
563 2019 749 2102 α’ποοτυγῶν
779 2015 834 2082 τὰν
856 2019 1013 2102 δεσπότην
1032 2014 1114 2084 κατά

27 2124 113 2194 μῖσος
147 2122 288 2195 τέλειον,
320 2116 460 2202 βοτρύων
479 2124 540 2201 μέν
560 2117 637 2196 ἴσως
667 2115 801 2182 ἅπτεται
820 2119 865 2194 εἷς
885 2119 989 2204 ούδέν,
1010 2115 1113 2201 συχνά

28 2217 59 2280 δὲ
80 2221 125 2305 πῇ
144 2220 205 2299 μὲν
227 2216 312 2282 κάτω
333 2217 510 2300 περιοδεύει
531 2223 576 2307 πῇ
601 2221 636 2283 δέ
656 2221 712 2284 τού
730 2220 958 2302 σκοπεοτηρίου
985 2216 1114 2301 γένεται,

27 2318 76 2378 καί
96 2309 161 2380 ὧδε
186 2316 242 2381 καί
269 2320 337 2381 ἐκεῖ
353 2316 617 2402 περιβλεπόμενος
644 2317 798 2404 φαντάζει
819 2320 1009 2400 ἐπιμέλειαν,
1030 2316 1115 2402 δρῶν

8 2414 60 2476 ott
77 2414 134 2499 την
159 2419 218 2481 τού
238 2421 389 2501 φραγμοῦ
408 2417 566 2502 σύμπηξιν
579 2423 634 2485 καί
647 2417 704 2502 την
726 2419 776 2484 ἐπ’
796 2421 885 2506 αύτῷ
898 2415 1022 2503 τάφρον
1042 2421 1114 2483 im·

26 2516 262 2598 βουλευσάμενοί
284 2522 381 2581 ποθεν
400 2520 457 2582 ούκ
476 2516 665 2600 ύποκοιλύει,
695 2517 763 2584 ἀλλ’
783 2511 834 2585 οἷα
858 2516 913 2582 καὶ
933 2511 1114 2582 άπονοστά-

27 2614 83 2688 ζων
99 2614 264 2699 διάκειται,
283 2618 389 2682 α’νύαιν
409 2622 468 2699 μὲν
489 2612 573 2684 σάτον
594 2616 630 2684 τό
655 2618 737 2682 κατά
760 2621 818 2682 τού
839 2622 1035 2701 κτησαμένου
1055 2614 1114 2698 την

27 2704 163 2793 ἄμπελον
191 2715 327 2802 βλάβος,
348 2718 486 2800 μελετῶν
518 2721 554 2785 δέ
582 2714 733 2803 ὀμεῖσθαι
765 2725 828 2795 τοῖς
850 2719 1049 2801 αἰτουμένοις
1070 2713 1115 2793 οἷς

28 2975 92 3021 emta
111 2971 197 3038 gratia
213 2971 405 3036 intercesserit,
419 2981 514 3037 metu,
531 2991 567 3028 ue
586 2975 671 3026 srnter
689 2980 717 3026 et
728 2982 813 3026 mater
831 2973 859 3027 ln
874 2971 988 3025 insidias
1007 2968 1114 3024 Andro·

26 3040 74 3090 uici
95 3041 269 3094 inevitabiles
296 3046 546 3110 committerentur,
574 3046 695 3116 proiecto
729 3046 841 3114 insignis
863 3045 912 3096 ista
937 3043 1113 3112 negligentia,

27 3125 73 3177 qna
92 3119 195 3164 tantam
220 3113 314 3165 urbem
339 3125 367 3166 et
393 3115 528 3168 civitatem
558 3118 709 3169 nniversam
728 3134 776 3184 pro
801 3116 889 3168 nihilo
908 3114 962 3166 dux
980 3112 1112 3174 habebat.

27 3182 86 3247 quin
103 3183 159 3235 imo
179 3187 387 3254 expugnationis
407 3204 507 3240 moram
527 3189 608 3239 etiam
625 3185 750 3238 contrahi
768 3186 905 3258 cupiebat,
921 3187 943 3236 si
963 3184 1034 3236 forte
1053 3183 1113 3234 eri-

25 3257 76 3302 tare
102 3253 265 3323 adspectum
292 3259 459 3324 imperatoris
486 3267 514 3312 et
541 3268 614 3311 recta
644 3257 708 3308 hinc
743 3257 817 3308 abire
842 3265 948 3328 posset,
967 3253 1113 3307 admodum

26 3321 101 3374 alliuis
116 3325 267 3394 proditioni
279 3336 308 3380 et
326 3329 438 3381 fortasse
452 3331 532 3382 etiam
546 3331 622 3399 peius
631 3327 698 3400 quid
709 3336 775 3390 erat,
798 3336 828 3380 ut
849 3327 911 3396 quis
930 3326 1042 3378 fortasse
1061 3321 1112 3374 de-

25 3397 206 3449 monstraverit
239 3397 345 3450 dicendi
368 3401 475 3452 artifex.
521 3399 603 3454 homo
625 3397 804 3451 ratiocinandi
826 3399 929 3468 peritus
950 3398 979 3448 in
997 3392 1111 3447 eundem

27 3473 91 3516 certe
112 3469 224 3518 classem
242 3467 342 3521 haecce
363 3472 494 3523 retulerit.
539 3472 705 3540 gubernator
720 3470 806 3532 navis,
827 3468 873 3539 qni
893 3483 949 3518 non
967 3465 1111 3518 nauclerus

26 3532 104 3598 idem,
124 3536 173 3590 sed
190 3540 312 3592 mercede
332 3540 481 3592 conductus
502 3541 594 3606 luerit,
615 3543 637 3594 si
655 3541 782 3607 magistro
801 3539 876 3592 navis
894 3543 1060 3597 succensent,
1079 3541 1112 3586 ut

26 3619 75 3656 non
93 3609 178 3675 possit
195 3613 287 3676 magis,
309 3613 459 3664 remanebit
476 3612 587 3682 quidem
611 3613 640 3664 in
657 3611 735 3672 navi,
752 3612 774 3662 si
794 3611 863 3662 forte
881 3626 912 3660 ea
930 3607 1111 3678 periclitetur,

27 3674 68 3725 sed
81 3678 208 3748 loquetur
220 3699 288 3732 rana
306 3700 356 3734 nec
374 3700 429 3734 non
443 3684 560 3752 segniter
573 3692 643 3752 aget,
663 3682 736 3733 omni
757 3681 874 3751 denique
893 3678 984 3731 studio
1003 3691 1112 3746 prorsus

27 3743 189 3813 intermisso,
213 3752 349 3820 navigium
370 3755 482 3824 scopulo
502 3755 614 3824 impingi
634 3761 661 3805 et
679 3769 786 3822 pessum
806 3752 845 3802 ire
865 3757 925 3802 tuna
950 3766 1010 3801 cum
1029 3762 1112 3798 onere

26 3816 134 3938 virisrpre
149 3823 274 3889 patietur.
291 3825 416 3880 similiter
434 3843 522 3876 rursus
541 3834 631 3876 custos
643 3825 747 3885 vineae,
764 3821 826 3874 odio
841 3821 978 3873 dominum
988 3818 1113 3870 Vatinia-

29 3897 59 3962 to
76 3907 88 3938 a
110 3894 241 3957 ominans,
262 3912 325 3945 uvas
344 3896 457 3946 fortasse
475 3914 530 3958 non
544 3895 673 3964 attigerit,
692 3892 741 3945 sed
759 3892 853 3945 crebro
864 3893 908 3943 vel
926 3891 997 3942 infra
1015 3888 1115 3940 collem

29 3959 228 4014 snrmbsrlaverit
259 3966 303 4016 vel
330 3966 497 4019 continuerit
524 3985 552 4018 se
572 3967 601 4018 in
627 3966 746 4035 specula,
767 3963 858 4016 ethic
877 3963 936 4012 illic
955 3957 1114 4028 circumspi-

28 4023 115 4083 ciendo
136 4032 304 4102 diligentiam
322 4037 496 4101 simulaverit,
515 4055 564 4089 nec
582 4037 706 4098 arcuerit,
722 4051 839 4096 securus,
852 4032 916 4084 dum
931 4031 1114 4101 sepimentum

29 4102 53 4144 ‘l
80 4101 172 4155 fossam
200 4105 284 4170 videt,
304 4108 463 4160 insidiantes
485 4108 611 4160 alicunde
635 4108 724 4166 iures,
749 4104 796 4158 sed
816 4104 892 4174 quusi
917 4100 1117 4155 sonmiculosns

29 4161 195 4243 decubuerit,
215 4170 327 4247 ex‘plens
354 4180 392 4229 itu
417 4181 540 4230 suumin
561 4179 700 4232 dominum
721 4178 817 4228 vineoe
835 4173 936 4238 odium,
955 4171 1003 4224 sed
1021 4179 1114 4226 tumen

29 4250 107 4293 iurare
125 4256 251 4314 paratus,
281 4250 303 4301 si
332 4251 392 4320 quie
413 4251 594 4314 accusaverit,
626 4265 678 4302 nec
698 4247 850 4302 discessisse
870 4263 898 4298 ss
919 4263 934 4298 a
956 4245 1043 4307 vinea,
1061 4255 1114 4296 nee
