2838 4902
254 323 326 401 llllll
680 327 929 392 EUSTATlllUS

256 487 366 570 καλοῦ,
386 484 441 550 καί
460 477 495 546 ai
516 479 671 565 ἁμαρτίαι
692 481 727 544 dl
745 479 834 564 ἦμύν
855 477 1017 562 ἀπήγαγον
1037 479 1138 546 arisati
1160 481 1216 566 την
1236 483 1334 548 τοιαί-

258 611 315 670 την
336 581 466 649 ἔννοιαν.
1416 647 1417 650 ,

343 686 413 752 Καί
440 673 504 746 olda
527 677 771 764 μὲνῆνεφαλὴ
801 681 856 760 τῆς
878 677 1021 755 πόλεως·
1064 679 1102 746 τύ
1130 682 1221 765 (λέγι
1242 684 1336 748 λοιπὸν
1378 688 1384 700 ’

259 779 344 850 άπαν
377 785 470 864 σῶμα
489 778 588 866 πάντη
623 777 778 864 διάφορον
808 774 867 862 ἢν,
885 773 1120 862 ἐτεροιούμενον
1150 784 1197 860 εἷς
1219 785 1337 866 α’γαθύν.
1416 807 1417 836 τ

259 883 313 948 καί
329 882 358 948 οἱ
379 888 439 962 μὲν
461 881 580 960 itata
601 879 873 964 στρατευσάμενοι
894 883 954 942 ούκ
977 876 1017 944 άν
1035 879 1104 964 ἔχοι
1124 907 1172 958 τις
1192 887 1288 948 εἰπεῖν
1303 885 1357 959 ύςρ

258 982 294 1047 τὸ
318 980 444 1065 άρεῖκύν
465 979 645 1064 ἐψεύδοντο,
663 973 711 1053 οἷς
731 981 898 1062 ἐνέπρεπον
917 978 981 1044 καί
993 976 1023 1044 οἱ
1044 984 1077 1057 ἐξ
1097 983 1238 1048 Ἁλανύύν
1257 983 1305 1047 καί
1316 982 1342 1048 εἴ

258 1105 339 1157 τινες
350 1075 482 1164 Ἴβηρες.
504 1077 533 1143 οἱ
554 1083 590 1144 δέ
611 1082 667 1162 τῆς
685 1076 807 1152 πόλεως
829 1080 995 1162 ἰθαγενεῖς,
1017 1077 1052 1143 τύ
1077 1081 1202 1165 γνήσιον
1221 1087 1341 1166 τηρούν-
1416 1163 1417 1168 ¹

258 1201 309 1254 τις
328 1175 523 1265 φιλόπατρι,
546 1180 586 1241 ου’
605 1180 716 1242 πολλοί
740 1179 799 1258 μὲν
820 1167 916 1260 ἦσαν·
958 1177 993 1243 τύ
1015 1177 1077 1264 γάρ
1099 1187 1206 1246 πλεῖον
1229 1182 1343 1262 ἀνέμοις

260 1275 355 1344 ἐαντὸ
381 1281 557 1362 ἐπιτρέψειν
590 1269 705 1366 ᾤχετο,
735 1277 790 1342 καί
822 1274 961 1357 μάλιστα
991 1278 1027 1343 τύ
1059 1282 1196 1362 προέχον
1218 1279 1293 1345 κατά
1314 1303 1344 1344 τι

260 1387 363 1462 χεῖρα,
385 1377 429 1454 οῖς
451 1383 581 1462 ἐρρέθη,
611 1376 667 1442 καί
686 1377 719 1442 τύ
744 1378 906 1442 δύνασθαι
924 1379 961 1443 τὸ
985 1382 1124 1462 ἐλέγχειν
1145 1379 1198 1444 τὸν
1221 1399 1376 1464 στρατη-το
1416 1421 1417 1426 1

260 1475 314 1561 pin
333 1482 388 1566 ναί
407 1478 619 1560 συμμετύγειν
640 1481 686 1554 ε’ίς
708 1475 741 1544 τό
763 1476 867 1544 καλόν.
911 1480 966 1542 καί
984 1473 1069 1543 εἶπεν
1092 1473 1132 1545 άν
1153 1503 1201 1556 τις
1228 1480 1345 1564 α’νθρύ·
1416 1465 1417 1496 ¹

261 1605 339 1656 παυς
361 1578 513 1660 τούτους,
535 1576 607 1653 τούς
629 1577 824 1656 ύποστύντας
850 1589 1046 1666 παραμεῖναι
1068 1584 1107 1667 τῇ
1127 1580 1229 1662 πόλει,
1252 1581 1347 1642 οὐκέτι
1416 1589 1417 1662 ᾖ

261 1677 438 1754 πολιτικούς
470 1683 523 1744 καί
547 1678 702 1764 ἡμετέραν
735 1681 807 1760 βίου
834 1685 890 1744 καί
918 1679 1170 1764 οἰκοδεσποτάις,
1199 1679 1280 1744 άλλά
1300 1687 1348 1766 λῃ-

261 1783 366 1854 στείας
388 1782 442 1842 καί
463 1781 641 1863 θηριωδίας
669 1780 725 1843 καί
749 1783 927 1864 ἐμβριθοῦς
959 1778 1153 1864 α’μριύτητος.
1193 1775 1276 1864 ἦσαν
1294 1779 1348 1862 γάρ
1416 1773 1417 1786 ’

262 1881 391 1961 άληθῶς
417 1882 525 1959 θυμοῦ
552 1883 610 1941 τού
640 1881 719 1965 ὑπὲρ
754 1879 901 1962 πατρίδος
923 1881 1080 1963 α’κρατεῖς,
1107 1873 1224 1964 ἄνδρες
1246 1899 1379 1962 saroa-ti
1416 1887 1417 1898 ί

262 1966 433 2060 θεαμάτων,
450 1980 580 2064 άνόρίας
594 1982 748 2062 γέμοντες,
764 1977 870 2062 ,άλνὴν
883 1983 1035 2060 πνέοντες,
1049 1985 1262 2060 πεπλασμένον
1281 1979 1350 2062 πρὸς
1417 1998 1418 2001 ’

263 2076 512 2164 ῥωμαλεύτητα,
544 2083 700 2163 ύιψοῖντες
723 2078 847 2164 μάχην,
880 2078 961 2144 κατά
997 2083 1204 2164 βαρβαρικῶν
1234 2084 1352 2160 σαρκῶν

262 2173 447 2260 πεινάνέες,
469 2180 571 2265 φάναι
601 2179 637 2242 τὸ
661 2176 953 2262 πάν,α’ρειμα’νιοι·
998 2174 1151 2256 cindatos
1174 2179 1352 2257 ἐξελάθοντο
1417 2210 1418 2217 1

262 2281 323 2342 τῶν
353 2273 456 2344 άλλων
484 2277 527 2353 aig
561 2279 661 2360 μύνου
691 2283 839 2362 γενέσθαι
869 2285 928 2344 τοῦ
957 2287 1115 2362 πολεμεῖν,
1138 2283 1194 2342 καί
1217 2284 1275 2361 τῆς
1295 2283 1354 2341 κατ’

263 2373 347 2443 οίιιον
366 2378 482 2464 τύρβης
506 2379 698 2446 άνθελέοθαι
720 2377 776 2443 τόν
799 2383 853 2443 ἐπὶ
873 2383 930 2444 τού
949 2382 1073 2461 τείχους
1091 2382 1248 2443 κίνδυνον.
1359 2393 1381 2442 a
1416 2383 1417 2390 ’

352 2475 399 2545 Osi
430 2479 535 2546 τοίνυν
568 2474 790 2564 decimandum
822 2478 903 2544 α’λλά
926 2483 981 2544 καί
997 2481 1142 2562 γυναῖκες
1165 2475 1248 2563 πρὸς
1261 2472 1353 2560 Ἄρην
1416 2497 1417 2518 ³

263 2579 442 2660 ἐμαίνοντο.
489 2584 543 2644 καί
561 2576 634 2645 dorsa
656 2584 715 2660 μὲν
738 2583 847 2656 λίθους
873 2577 1078 2666 παρεφόρουν
1100 2585 1170 2653 ταῖς
1191 2602 1227 2640 τε
1251 2571 1353 2650 άλλατς
1416 2605 1417 2618 ¹

265 2688 424 2762 μηχαναῖς
454 2683 508 2744 καί
540 2683 840 2766 τοῖςοφενύοντύσι,
865 2683 919 2744 καί
940 2675 1011 2744 ὅσαι
1031 2677 1239 2765 ύύραφύροον
1260 2676 1354 2759 άκμά-

264 2946 319 2990 tem
341 2938 512 3008 imperatoris
526 2941 644 2992 animum
660 2939 747 2992 sedari
766 2957 845 3012 posse
863 2943 962 2996 virtute
980 2941 1085 3010 aliqua,
1105 2946 1133 2992 et
1152 2956 1261 2992 errores
1279 2939 1354 2992 nostri

264 3027 280 3060 a
301 3010 350 3060 tali
369 3010 447 3061 illum
467 3011 579 3062 consilio
601 3011 792 3081 prohibebant.
848 3053 854 3068 .
1416 3053 1417 3072 τ

332 3083 400 3132 'Pale
419 3083 500 3150 igitur
513 3083 630 3134 civitatis
644 3091 726 3152 caput
736 3092 801 3134 erat.
823 3083 956 3152 reliquum
969 3099 1065 3151 corpus
1076 3083 1232 3150 universnm
1244 3097 1356 3153 quacun·
1416 3075 1417 3086 ¹

263 3169 317 3222 qne
331 3152 464 3204 diversum
478 3163 544 3216 erat,
563 3155 591 3204 in
603 3153 699 3205 bonam
715 3163 817 3223 partem
831 3156 945 3204 varians.
965 3170 1026 3204 nam
1040 3155 1080 3204 illi
1095 3153 1217 3224 quidem,
1231 3156 1278 3224 qui
1292 3164 1355 3204 entra

265 3226 357 3275 urbem
375 3225 497 3276 militiam
517 3225 640 3292 agebant,
659 3241 739 3277 nemo
761 3225 868 3285 dixerit,
888 3234 1056 3296 quantopere
1066 3226 1180 3276 Martem
1202 3224 1355 3280 fefellerint,

265 3295 411 3364 inquibus
433 3305 460 3346 et
480 3297 557 3348 Alani
577 3298 720 3348 eluxerunt
742 3307 769 3348 et
788 3297 877 3348 iberes
898 3298 1034 3348 nonnulli.
1072 3313 1165 3347 verum
1185 3296 1295 3347 nobiles
1312 3294 1354 3346 siri

266 3367 396 3429 civitatis,
426 3369 474 3438 qui
503 3368 626 3418 innatum
650 3368 804 3420 hominibus
837 3385 953 3418 amorem
981 3367 1084 3436 patriae
1114 3377 1274 3430 servarent,
1292 3363 1356 3416 hand

267 3438 345 3488 nsolti
366 3449 457 3502 erant3
479 3438 603 3508 plerique
625 3441 695 3490 enim
709 3441 795 3491 ventis
815 3456 843 3490 aa
861 3440 1049 3490 commiserant
1062 3439 1180 3506 profugi,
1200 3439 1220 3488 ii
1241 3439 1356 3494 manime,

268 3510 316 3579 qni
335 3517 363 3559 et
384 3525 465 3560 manu
484 3511 635 3578 pollebant,
655 3519 685 3562 nt
707 3528 787 3580 supra
805 3511 907 3561 dictum
926 3518 980 3574 est,
1011 3519 1039 3561 et
1061 3508 1262 3579 reprehendere
1284 3517 1356 3576 atque

268 3578 396 3631 reducere
417 3580 453 3631 sd
473 3581 572 3632 bonam
592 3583 694 3649 frugem
716 3582 883 3650 praefectum
901 3583 1063 3650 potuissent.
1101 3588 1185 3650 atque
1206 3578 1358 3630 credidisset

268 3651 401 3722 quispiam
415 3668 470 3714 eos,
489 3653 534 3720 qui
548 3655 576 3703 in
590 3653 657 3703 urbe
671 3669 778 3704 manere
793 3654 988 3715 sustinuerunt,
1003 3669 1056 3703 non
1069 3651 1122 3700 iarn
1136 3652 1207 3702 cives
1219 3658 1248 3703 et
1260 3658 1357 3702 nostrae

267 3723 339 3772 sitae
359 3722 482 3775 homines
502 3732 529 3775 et
548 3733 636 3792 patres
657 3725 782 3788 familias,
801 3723 848 3774 sed
864 3723 1013 3792 praedones
1036 3738 1093 3774 esse
1115 3722 1264 3772 bestiarum
1284 3723 1358 3771 instar

269 3794 380 3844 feroces.
400 3803 477 3846 erant
492 3795 563 3845 enirn
578 3811 669 3846 revera
682 3811 771 3846 amora
786 3796 890 3866 patriae
902 3794 1044 3855 indomito,
1058 3794 1171 3856 strenui,
1188 3793 1297 3844 virtutis
1306 3791 1357 3859 ple·

267 3867 305 3928 ni,
324 3865 511 3916 fortitudinem
532 3867 674 3934 spirantes,
692 3883 772 3917 mann
786 3867 893 3936 promti,
911 3883 1016 3934 pugnae
1038 3867 1170 3919 sitientes.
1193 3864 1356 3914 barbararum

270 3937 390 3987 carnium
414 3938 580 3999 esurientes,
600 3947 630 3989 nt
653 3954 708 3988 sano
726 3937 810 3989 verbo
841 3937 935 4000 dicam,
953 3937 1044 3988 surore
1071 3935 1205 3986 Mavortia
1234 3938 1299 3986 acti:
1318 3931 1356 4000 qul
1411 3972 1417 3985 .,

271 4008 376 4075 reliqua
395 4010 485 4058 omnia
503 4010 540 4058 ita
563 4009 808 4071 obliviscebantur,
829 4017 860 4060 ut
877 4009 946 4060 nihil
965 4009 1017 4058 nisi
1036 4023 1138 4075 prignas
1158 4007 1357 4060 meditarentur,

271 4086 299 4128 et
319 4077 405 4128 turbis
424 4079 579 4131 domesticis
600 4088 799 4149 anteponerent
821 4080 941 4148 pericula
962 4080 1107 4129 moenium.

341 4149 396 4200 Nec
416 4167 477 4200 vero
496 4151 545 4201 viri
565 4160 679 4211 tantum,
699 4150 845 4202 sedetiam
864 4151 992 4202 mulieres
1012 4150 1102 4198 furore
1113 4145 1289 4216 agitabantur
1306 4143 1358 4193 nta-

271 4221 370 4272 vortio:
393 4227 474 4290 atque
497 4222 562 4273 illae
582 4223 708 4292 quidem,
727 4239 796 4293 quae
817 4239 880 4274 saxa
910 4239 991 4291 quam
1011 4220 1124 4289 reliquis
1141 4217 1357 4270 machinamentis
