2814 4898
390 335 762 407 cnuouocusetsss.
1047 335 1120 408 305

45 489 174 556 ότόντοιν
202 491 275 571 μεθ’
305 482 410 554 όιιλοεν
442 491 553 554 έκεΐσε.
600 493 660 554 sori
688 486 861 570 όόνουμέου
891 491 927 554 di
955 495 1121 574 γενομένου
1133 501 1184 558 104

45 593 191 676 αἰφνιλλιον
216 588 381 672 Ῥαμανός
409 587 465 653 καὶ
492 589 731 663 Κωνστιιντῖνος
763 585 858 670 τόχει
887 592 993 678 πολλῷ
1019 593 1065 665 εἶς
1084 589 1151 655 adit

43 688 180 755 παλότιον
202 690 475 775 όιιοστρέφουσιν·
496 684 638 772 έμηνόθη
657 688 717 771 γόρ
732 687 818 770 nupsi
832 691 973 766 Λέοντος
996 691 1124 775 όνθριό-

43 813 94 853 nou
111 790 169 853 τοό
184 787 347 872 Ἀρσινόου
371 785 392 874 ἦ
413 789 513 852 αόεσῦ
526 791 581 852 τοῦ
603 790 764 870 Ἀρσινόου
787 789 939 873 ἐπιβουλὴ
959 789 1014 854 καὶ
1024 786 1123 854 Heri.
1157 801 1163 811 “

25 895 89 953 ὅλου
107 893 344 972 μαγγλαβιτιόν·
387 887 420 953 oi
438 884 613 974 τυφθέντες
633 891 688 952 καί
708 885 924 974 όημευθήντες
945 891 1122 974 ἐξωρίσθη-

42 1012 99 1059 σαι.
139 981 177 1072 ἧν
205 984 277 1053 τότε
300 985 590 1072 ιιοιραόυνασιεόιον
623 986 806 1071 Ἰωάννηςό
837 986 1050 1071 πρεσβύτερος
1068 991 1126 1052 καί

41 1088 175 1172 ῥαιλιεαρ,
201 1083 237 1162 ὃς
258 1093 385 1154 Λέοντα
408 1083 464 1152 τόν
484 1089 542 1150 rori
571 1087 736 1172 Ἀρμενίου
757 1089 901 1171 έιιοόησεν
925 1082 1121 1172 ἓβόομόριον,
1132 1093 1182 1149 105

40 1189 75 1271 spi
91 1193 220 1268 βασιλεῖ’
235 1192 347 1252 τοῦτον
369 1187 625 1271 προσοικειεόσας.

112 1290 179 1350 Tuis
197 1289 235 1352 δὲ
255 1286 450 1371 Βουλγόρων
469 1287 564 1352 πόλιν
584 1284 799 1366 ἐξελασάντων
825 1289 925 1370 μέχρι
946 1285 1120 1370 Κατασόρ.

12 1399 91 1451 λοισι
116 1383 196 1466 perd
228 1384 290 1471 την
321 1389 382 1450 rori
409 1385 595 1467 όσμεσιέκου
624 1386 817 1470 Ἀόραλέτου
847 1381 999 1469 τελευτὴν
1027 1402 1181 1470 opus-106

38 1482 128 1571 βλήθη
148 1487 265 1560 Πόθος
284 1483 302 1550 ό
323 1488 381 1550 τοῦ
398 1487 555 1572 Ἀργυροῦ
586 1488 767 1566 όομέστικος
789 1489 851 1550 τοῖν
879 1486 1023 1567 σχολιόν·
1067 1488 1149 1552 eruic

38 1587 121 1668 μέχρι
142 1587 370 1672 Θερμοιιόλεας
403 1585 482 1667 perd
505 1588 566 1651 ιιόν
591 1589 759 1668 ταγμάτων
777 1583 914 1664 ἐξελθών
937 1585 1120 1650 ἀπέστειλεν

40 1681 165 1770 Μιχαὴλ
183 1683 237 1752 τὸν
266 1687 325 1750 τοῦ
348 1689 580 1768 Μυρολέοντος
609 1683 678 1750 υἱόν
708 1682 925 1771 τοιιοτηρητῆν
949 1678 1025 1748 drea
1044 1681 1120 1759 νοός
1129 1704 1179 1758 107

39 1787 228 1869 Βουλγοὶρους
253 1784 542 1870 κατασκοπὴσοντα.
586 1783 602 1849 ό
626 1788 661 1850 δὲ
677 1782 863 1868 όιιροόιιτας
881 1785 926 1872 τῷ
948 1781 1033 1872 λόχῳ
1057 1785 1121 1847 ου’-

11 1885 88 1946 lisois
106 1885 253 1966 έμιιεσιόν
281 1885 418 1960 notioris
449 1889 508 1967 μὲν
537 1890 601 1950 τεόν
622 1883 815 1970 Βουλγόρων
838 1878 970 1968 όνεῖλεν,
994 1887 1122 1968 πληγείς

39 1985 66 2045 di
84 1982 175 2060 υότός
208 1989 243 2050 ἐν
276 1989 318 2071 τῇ
344 1982 435 2050 πόλει
458 1985 667 2070 ἐτελεύτησεν.
718 1983 862 2068 έμηνόθη
885 1985 921 2048 δὲ
941 1979 1009 2078 εόεε
1031 1982 1118 2065 παρὰ

39 2081 199 2168 Θεοκλήτου
222 2086 370 2169 νοταρέου
400 2087 456 2168 τῆς
489 2081 663 2168 ὑπουργίας
695 2080 817 2168 ἧκατό
837 2082 1004 2162 Ῥωμανοό
1025 2085 1121 2162 βασι.
1155 2093 1162 2104 ·

39 2183 104 2256 idua
135 2181 289 2266 ἐπιβουλὴ
319 2186 526 2249 Ἀναστασιλιυ
555 2181 763 2266 σακελλαριόυ
797 2181 853 2246 adr*
883 2174 1031 2262 ἄρχοντος
1061 2181 1121 2243 aori

37 2279 214 2369 χρυσοχόου,
237 2281 294 2348 καί
309 2283 518 2368 Θεοόωρὴτου
541 2284 732 2362 κσιτωνότου,
754 2283 809 2345 κατ’
823 2279 1007 2363 Δημητρίου
1025 2300 1118 2342 rora·

9 2379 94 2460 λλρόου
112 2386 280 2461 βασιλικοῦ
303 2383 361 2447 τοῦ
381 2385 510 2469 εέόιιιοῦ,
531 2380 755 2449 κοόΝιιιολόσυ
778 2382 836 2444 τοῦ
857 2375 1041 2462 Κουβότζη,
1062 2380 1119 2441 καί

39 2481 182 2546 Θεοδότου
212 2483 480 2566 πρωτοκαρόβου·
540 2481 594 2546 καί
620 2480 658 2566 dr}
697 2477 897 2570 ἐλεγχθέντες
931 2475 1115 2564 ε’τόφθησαν
1125 2492 1181 2546 108

37 2578 80 2644 κατ’
95 2584 127 2646 ἑν
143 2585 183 2671 τῇ
203 2583 286 2670 μέση
306 2586 449 2686 διῆλθον.
502 2578 529 2647 ό
552 2584 587 2647 di
610 2582 814 2667 Θεοόοόρητος
831 2581 921 2655 idries
941 2581 975 2644 έν
996 2581 1038 2665 τῷ
1059 2583 1114 2642 λε-

92 2772 116 2826 lt.
133 2779 328 2852 μαγγλαβίιου
346 2778 502 2847 Anonymus
522 2785 550 2832 et
568 2775 707 2830 Cedrenus

37 2920 95 2971 omni
124 2939 222 2991 genere
239 2924 399 2990 instructis,
426 2925 623 2996 stipendiisque
657 2921 788 2976 militibus
815 2919 944 2988 erogatis,
963 2917 1111 2988 derepente

36 2988 149 3044 Ronanus
168 2996 322 3064 praefatus,
348 3005 376 3048 et
393 2999 587 3049 Constantinus
618 2997 746 3047 inusitata
765 2992 905 3044 celeritate
925 2991 965 3040 usi
985 2990 1013 3039 in
1032 2991 1111 3058 pata-

36 3059 89 3112 tium
107 3073 294 3126 revertuntur:
315 3084 331 3118 a
349 3067 442 3118 Leone
461 3068 573 3138 quippe,
593 3067 697 3118 Arsenii
723 3065 881 3125 domestico,
901 3062 1006 3113 Arsenii
1025 3061 1113 3128 ipsiu!

35 3138 56 3180 ct
74 3133 143 3186 Pauli
171 3137 355 3204 manglabitae
376 3139 539 3206 conspiratio
564 3137 654 3188 delata
672 3138 775 3188 idernt:
802 3152 836 3186 es
853 3150 908 3204 quo
926 3130 1060 3182 verberati
1081 3137 1110 3181 et

35 3197 98 3255 bouis
124 3207 188 3259 fisco
219 3207 333 3259 addictis
351 3210 381 3260 in
401 3210 512 3260 esitium
539 3208 665 3260 transtuti
690 3215 762 3258 sunt.
806 3210 863 3256 erat
886 3218 965 3271 porro
990 3208 1056 3254 tunc
1073 3199 1107 3250 ab

34 3271 175 3342 imperatore
199 3280 336 3347 proximus
360 3289 495 3349 potestate
513 3281 627 3330 ioannes
652 3278 793 3347 presbyter
812 3282 840 3326 et
858 3281 954 3333 rector,
972 3272 1019 3340 qui
1039 3271 1108 3320 Leo-

33 3357 81 3394 nem
101 3348 220 3400 Armenii
247 3349 334 3402 filium
366 3349 605 3403 hebdomadarium
638 3350 741 3401 curavit
764 3347 823 3398 fieri
851 3343 1007 3413 imperatori
1032 3341 1106 3410 prius

34 3419 242 3471 commendatum.
950 3451 952 3456 .

88 3490 202 3558 Butgaris
221 3507 285 3542 vero
303 3489 337 3554 ud
355 3493 504 3560 Catasyrtas
527 3507 612 3560 usque
631 3487 845 3559 postAdrsletae
868 3482 1011 3536 domestici
1030 3497 1102 3531 mor-

33 3558 74 3604 tem
91 3563 308 3625 excurrentibus,
329 3562 429 3614 Pothus
449 3563 535 3630 Argiri
557 3563 627 3612 fitius
646 3559 796 3610 scholarum
819 3556 980 3607 domesticus
1000 3558 1105 3603 creatus

33 3633 71 3676 est.
86 3627 127 3681 bic
144 3631 179 3684 ad
196 3633 400 3702 Thermopolirn
419 3637 505 3704 copiis
526 3632 629 3684 eductis
640 3629 799 3682 Michaelem
810 3626 989 3678 Moroleontis
1008 3623 1104 3682 fitium,

32 3696 161 3754 vicessuas
180 3703 337 3766 obeuntem,
356 3705 527 3772 bulgarorum
539 3711 642 3754 motum
661 3701 863 3770 exploraturum
882 3696 963 3746 misit.
1001 3695 1049 3745 ille
1068 3691 1104 3742 de
1176 3759 1178 3768 ‚

32 3764 157 3834 improviso
177 3776 279 3841 agmini
298 3791 389 3826 eorum
407 3777 492 3828 factus
514 3773 620 3826 obvium
640 3773 770 3840 plurimos
787 3769 896 3840 quidem
916 3765 1024 3825 occidit,
1043 3763 1104 3814 vul-

32 3839 123 3915 peribus
143 3853 233 3896 autem
252 3847 369 3915 acceptis
387 3847 416 3897 in
436 3845 503 3898 urbe
521 3844 691 3915 postmodum
710 3844 791 3893 vitam
811 3839 906 3890 finivit.
926 3853 959 3886 eo
979 3845 1103 3902 tenpore

31 3909 126 3964 susidis,
143 3915 270 3967 adversus
287 3918 434 3970 Romanum
460 3918 649 3986 imperatorem
667 3921 783 3965 structae
804 3910 838 3960 ab
858 3905 996 3960 Anastasio
1016 3904 1104 3987 sacei-

32 3975 86 4029 lsrio
105 3993 131 4034 et
147 3987 303 4038 aurificinae
322 3989 465 4056 principe,
484 3995 511 4039 et
529 3985 704 4040 Theodoreto
723 3981 898 4039 cubiculario,
917 3986 945 4029 et
963 3981 1103 4030 Demetrio

36 4051 88 4114 'iiii
104 4054 158 4106 fisci
177 4059 294 4120 notario,
313 4067 342 4110 et
358 4059 471 4110 Nicolao
485 4057 603 4109 Cubatze
624 4053 807 4107 aTheorbeto
827 4049 906 4102 officii
926 4049 1032 4099 notario
1052 4043 1102 4094 de-

33 4113 91 4170 latae
120 4135 195 4190 aunt;
220 4127 358 4198 iidemque
386 4131 501 4181 convicti
530 4125 687 4179 verberibus
710 4141 810 4193 poenas
837 4119 988 4180 dederunt,
1008 4125 1037 4168 et
1054 4131 1102 4184 par

32 4189 131 4245 mediam
150 4197 243 4249 urbem
261 4197 347 4250 delati
366 4207 437 4254 aunt.
473 4198 766 4254 Theodoretussutern
783 4195 894 4248 seorsim
913 4190 949 4242 ad
967 4186 1102 4242 Trichon-
1143 4263 1147 4271 Ι

79 4301 128 4358 deo
148 4309 357 4366 Grammaticus.
877 4303 913 4357 2⁰
