2892 4904
290 347 365 430 ast
682 309 686 318 ’
711 355 965 422 susrarnrus

287 537 329 576 τα
349 506 431 576 καλὰ
462 503 595 574 ἔσονται.
653 503 770 570 eductis
797 501 968 570 ἀκόλουθοι
995 499 1117 579 τούτοις
1150 503 1284 570 αἰιειλαῖ
1312 509 1374 570 καθ’

287 609 379 694 ἡμῶν
412 608 469 672 καῖ
501 597 736 693 §abstrusiores
760 594 843 687 ὧραι
872 605 928 669 τοῦ
954 601 1034 668 κατὰ
1057 599 1113 670 τόν
1133 601 1256 688 κόμητα
1276 607 1374 686 θυμοῦ

286 713 322 776 ἐκ
343 707 510 790 διαβολῶν,
532 707 587 770 καί
604 703 807 791 οἷναφιόνησις
820 705 883 766 ταῖν
903 699 1176 785 ε’νδιαβαλλόντων
1200 697 1237 766 η’
1260 699 1375 786 αὔριον,

286 801 418 896 αόριον,
447 807 502 871 καῖ
535 803 551 870 o‘
580 807 639 868 sori
659 807 739 868 θεοῦ
758 801 836 878 λαός
860 797 945 878 ἅπας
975 799 1075 878 εδθδς
1096 801 1172 884 περὶ
1191 801 1290 886 ἡμᾶς.
1330 801 1376 866 καὶ

285 902 326 992 ἦν
347 906 465 991 α’νόγκη
486 907 600 970 κοπιᾶν
619 903 674 968 καί
685 911 802 986 λαλεῖν,
822 904 878 967 καῖ
893 905 1060 983 ἐποιοῦμεν
1080 897 1162 966 οὕτω
1185 898 1304 984 συχνά,
1325 912 1394 966 ιιι-5

285 1004 449 1090 λυτρόιιας
469 1000 665 1085 ποιούμενοι.
719 1004 774 1066 καῖ
797 1003 877 1065 θεοῖ
900 1005 1103 1084 χαριεοῦντος
1122 1001 1311 1083 ἐπεῖθομεν,
1331 1005 1377 1065 κατ’

284 1109 378 1170 τοῦτο
399 1101 579 1177 πλειστάκις
600 1100 652 1167 διαὶ
683 1101 721 1166 τό
740 1098 792 1166 τόν
818 1093 958 1183 ἄρχοντα
978 1097 1086 1184 ῥέπειν
1106 1101 1229 1166 ἐκεῖσε·
1275 1104 1330 1164 καὶ
1348 1102 1380 1163 ssi

284 1202 392 1293 πρῴην
421 1203 606 1287 οἶνὴκαμεν,
638 1203 697 1276 ἕως
726 1198 761 1266 τό
794 1204 975 1264 τελευταῖον
996 1207 1139 1262 παντοῖοι
1164 1199 1221 1282 (osi
1245 1205 1328 1284 λέγω
1346 1197 1378 1264 τό

286 1307 331 1379 εἰς
354 1302 481 1384 ὁμιλίαν
502 1298 582 1366 ἄλλό
606 1300 815 1386 δημηγορίαν)
839 1295 1002 1382 γενόμενοι
1023 1297 1080 1363 καί
1099 1297 1380 1383 δικαιολογησάμε-

285 1427 334 1468 νοι
354 1402 409 1466 καί
429 1397 691 1476 sustentamine
711 1399 925 1483 α’πισχημένοι
945 1396 1002 1462 καὶ
1019 1396 1316 1484 χαριεντισοὶμενοι,
1337 1401 1410 1461 καίιθ

285 1505 449 1589 ἐμβριθεῖς
482 1503 518 1566 δέ
538 1525 570 1565 τι
595 1498 801 1584 λαλήσαντες,
836 1497 892 1562 καί
917 1490 1122 1580 μεμφόμενοι
1151 1502 1213 1578 μὲν
1246 1497 1307 1582 τὴν
1328 1501 1382 1563 τοῖν

286 1598 473 1686 συγκλύδων
483 1599 634 1666 Λατίνων
651 1596 825 1683 δεινότητα,
843 1595 978 1662 ’ἔπαινον
997 1597 1033 1660 δὲ
1048 1600 1111 1661 ταῖν
1124 1597 1382 1662 Θεσσαλονικέων
1438 1669 1439 1676 η

286 1685 527 1787 προενεγκόνδες
548 1703 689 1781 καίριον,
718 1700 773 1761 κατ’
792 1691 873 1770 όλοος
895 1693 970 1770 τοός
991 1695 1101 1777 λόγους
1124 1699 1310 1773 πολυειδῶς
1331 1698 1382 1778 dn·
1437 1743 1439 1800 η

284 1797 460 1883 μοσόμενοι
482 1800 539 1862 κατ’
559 1795 815 1880 οἰκονομήσαντες
837 1793 916 1876 πρός
937 1793 1126 1879 ἀνθρώπους
1148 1794 1290 1880 α’γριόυς
1313 1797 1382 1860 κατιὲ
1438 1815 1439 1834 ¹

284 1923 315 1966 ss
337 1895 480 1980 α’μυδρόν
501 1897 657 1982 ἆπήχημα
677 1899 835 1982 γραφικῆς
856 1893 1003 1977 ἐλέγξεως
1023 1895 1079 1958 καί
1098 1896 1319 1980 ἐπιτιμήσεως
1338 1899 1409 1960 sciti

284 1996 528 2082 παρακλήσεως,
551 1994 580 2060 οἱ
602 2000 657 2062 καῖ
686 1994 765 2062 κατὰ
786 1993 897 2077 καιρὸν
919 1993 1044 2077 εἰρήνης
1064 1993 1202 2060 ἐπὶτῶν
1225 1995 1384 2079 ἡμετέραν

283 2090 412 2178 ἄτολμοι
439 2089 527 2170 ὄντες
548 2105 650 2161 ποιεῖν
673 2094 712 2162 τοὶ
735 2091 918 2178 εδαγγελικό
941 2096 987 2168 εἰς
1009 2084 1157 2178 ἄκρατον,
1180 2097 1236 2158 ῖνα
1258 2095 1307 2180 αὴ
1332 2096 1384 2159 πό.

283 2219 416 2279 σχοιμεν
438 2197 606 2280 ἀβούλητα,
638 2189 876 2278 ἕβεβαιιόσαμεν
899 2191 953 2258 τόν
969 2185 1080 2276 ἄνδρα,
1101 2197 1158 2258 καῖ
1179 2197 1228 2269 εἰς
1251 2191 1384 2274 ἔμπεδον

284 2293 535 2378 καταστήσαντες
558 2293 787 2378 περιηγὰγομεν
814 2289 1028 2374 διομόσασθαι
1051 2285 1074 2375 ἧ
1102 2292 1167 2376 μὴν
1188 2297 1307 2378 μηκέτι
1329 2295 1383 2381 φό-

284 2399 341 2478 βαν
360 2395 643 2479 ἐπαρτηθησεσθαι
674 2393 774 2478 φόνου
796 2385 817 2476 ἦ
838 2415 916 2468 τινος
944 2386 1054 2476 ἑτέρου
1073 2397 1175 2456 κακοῦ
1197 2402 1266 2469 τοῖς
1288 2391 1410 2460 inlu-tt

286 2492 366 2557 κόσι.
409 2491 466 2557 καί
485 2491 520 2559 τό
543 2494 691 2557 ἐντεῦθεν
721 2487 966 2575 ἀνεπαυόμεθα,
988 2493 1033 2568 εἰς
1053 2485 1127 2556 όσον
1148 2484 1187 2576 ἦν
1212 2491 1382 2580 ἐγχσσροίν.

286 2590 437 2678 ἐνεχώρει
458 2595 493 2659 δὲ
513 2589 558 2677 μὴ
582 2594 627 2668 εἰς
649 2588 685 2655 τό
712 2595 776 2654 πᾶν
798 2590 885 2674 παρά
906 2613 942 2673 γε
963 2597 1027 2668 τοῖς
1048 2584 1129 2656 sirm
1148 2597 1383 2679 μισοροομαῖοις

287 2695 448 2770 Λατίνοις.

291 2943 458 2997 habebunt.'’
494 2944 536 2997 his
567 2945 648 3014 igitur
667 2945 770 2996 similes
794 2945 883 2996 minae
910 2943 1037 2997 adversus
1059 2961 1109 2996 nos
1129 2946 1277 3010 iactantur,
1299 2949 1383 3000 suilla-

291 3025 391 3086 tnrque
410 3025 543 3085 perpetuo
561 3016 702 3068 calumniis
720 3017 825 3067 enimus
843 3016 955 3078 comitis,
974 3015 1195 3086 declamaturque
1216 3034 1233 3068 a
1251 3019 1383 3071 calumm-

291 3086 422 3138 antibus:
441 3093 530 3149 ‘'cras,
549 3104 615 3150 oras,
635 3095 663 3138 et
685 3087 804 3158 populus
821 3086 865 3138 dei
889 3089 1028 3138 universus
1047 3087 1122 3138 illico
1142 3087 1291 3140 nobiscnm
1312 3091 1382 3144 erit.”

293 3173 355 3224 ergo
365 3173 473 3210 necesse
488 3167 545 3210 erat
553 3157 700 3211 concedere
712 3166 739 3208 et
753 3156 834 3210 verba
849 3156 921 3218 dore,
934 3157 1100 3226 fecimusque
1112 3161 1162 3220 ita,
1172 3160 1249 3221 varie
1256 3160 1381 3217 laborau-
1435 3219 1436 3226 ρ

291 3237 441 3300 tenetque
453 3231 537 3298 gratia
553 3227 597 3281 dei
611 3229 791 3298 persuasimus
808 3227 874 3290 illis,
890 3227 973 3299 idque
989 3229 1150 3299 plerumque
1161 3246 1204 3294 eo,
1222 3231 1303 3302 qnod
1314 3235 1383 3304 prin·
1435 3227 1436 3238 ¹

292 3316 355 3368 ceps
371 3299 425 3352 huc
435 3301 591 3366 inclinaret;
608 3317 659 3351 nce
668 3317 731 3351 mox
745 3297 907 3362 destitimus,
917 3298 966 3351 sed
978 3316 1063 3370 usque
1080 3301 1114 3350 ad
1128 3301 1210 3352 tinem
1227 3317 1382 3372 persevera·

292 3371 388 3434 vimus,
399 3372 472 3424 varie
484 3389 533 3424 nos
545 3372 611 3442 (non
625 3371 686 3423 dico
706 3371 736 3422 in
747 3369 926 3431 sermonibus,
939 3370 987 3422 sed
997 3371 1026 3420 in
1037 3370 1228 3438 concionibus)
1240 3382 1382 3430 vertentes,

292 3442 442 3510 litigantes,
463 3459 497 3493 ne
514 3443 547 3493 sb
566 3443 722 3494 adulatione
743 3439 852 3512 quidem
865 3441 1042 3503 abstinentes,
1063 3458 1165 3494 rnorem
1183 3451 1321 3510 gerentes,
1339 3459 1381 3496 nec

294 3529 358 3564 vero
377 3511 447 3564 nihil
466 3514 581 3580 graviter
601 3512 732 3574 dicentes,
751 3514 992 3581 vituperantesque
1005 3510 1190 3564 multitudinis
1209 3515 1326 3566 Latinae
1343 3517 1380 3564 iu-

295 3583 450 3647 soleutiam,
467 3583 750 3636 Thessalonicensium
764 3591 854 3634 nutem
866 3591 1020 3653 opportune
1040 3583 1134 3638 laudes
1156 3592 1289 3647 serentes,
1309 3585 1381 3636 deui-

296 3670 350 3723 que
369 3655 519 3706 orationem
537 3655 611 3706 varie
630 3659 825 3722 componentes
844 3662 872 3705 et
891 3653 1089 3711 conformantes
1108 3670 1198 3706 coram
1217 3672 1318 3724 genere
1335 3656 1382 3706 bo·

294 3725 398 3776 minum
415 3725 507 3788 feroci,
528 3725 562 3776 ad
579 3726 731 3796 exemplum
752 3725 829 3794 quasi
852 3722 988 3794 quoddam
1014 3725 1138 3788 aetionis,
1160 3727 1340 3780 aecusationis
1358 3731 1381 3775 et

296 3795 493 3848 admonitionis
511 3795 655 3860 iudicialis,
674 3797 755 3848 etiam
773 3797 801 3848 in
814 3811 880 3864 pace
898 3795 970 3846 inter
987 3803 1092 3848 nostros
1103 3813 1201 3865 parum
1218 3797 1335 3850 audaces
1352 3793 1380 3846 sd

296 3868 416 3935 urgenda
444 3866 630 3920 vehementius
656 3876 798 3936 praecepta
819 3867 960 3934 evangelii,
973 3883 1008 3917 ue
1026 3873 1190 3937 pateremur,
1208 3885 1279 3939 qnae
1298 3869 1381 3919 nolle-

294 3955 374 3990 musz
395 3939 433 3990 its
449 3939 532 4006 igitur
552 3938 766 3990 confirmavimus
783 3936 931 4001 bominem,
950 3937 1192 4008 confirmatumque
1202 3955 1236 3991 eo
1255 3939 1381 4009 perduti-

294 4023 363 4070 mns,
383 4009 539 4071 utiuraret,
558 4025 697 4081 nunquam
717 4009 829 4080 captivis
847 4008 996 4078 periculum
1013 4009 1109 4060 mortis
1127 4009 1173 4062 vel
1190 4010 1259 4060 alius
1278 4009 1381 4060 cslsmi·

294 4080 359 4132 tatis
377 4079 548 4134 subeundum
575 4081 644 4134 sore.
680 4088 743 4151 post
773 4079 840 4132 bseo
857 4078 1101 4148 requiescebamus,
1144 4088 1256 4133 uantum
1276 4079 1378 4131 licebat.

295 4149 396 4203 licebat
412 4157 502 4203 sutem
527 4150 599 4204 nihil
624 4151 735 4205 omnino
751 4153 824 4204 iuter
847 4149 1098 4204 vehementissimos
1122 4098 1188 4204 dios
1208 4153 1380 4203 Romanorum

294 4220 417 4274 inimicos
435 4219 554 4276 latinos.
