2838 4902
244 375 298 435 ου
315 366 622 436 anassammca
643 371 671 431 a
689 348 1016 432 tartareorum.
1095 350 1169 428 tut

78 522 147 587 τινα
162 524 350 605 ,τραπέσθαι
368 519 543 605 αἱρήσεται,
564 522 620 584 nui
640 519 783 600 μείζονος
804 522 901 582 τοιού
924 518 1117 581 α’νθελέσθαι
1139 538 1170 578 τι

77 620 287 705 βραχύτερον,
307 623 363 686 καί
381 623 438 686 τού
457 621 513 703 ζῆν
541 621 575 697 έξ
603 617 782 704 ὀφθαλμῶν
807 619 987 702 προθέσθαι
1020 615 1039 678 d
1065 608 1105 679 ῶν
1124 637 1172 692 τις

77 716 282 796 εἴποιαατιύν.
363 729 364 737 ’
500 753 503 758 ·

165 812 288 884 odram
307 820 361 882 καί
377 815 541 897 μεθῶέευι
562 811 598 878 τὸ
624 817 786 894 τοιοῦτον,
812 813 866 880 ναί
886 814 925 880 ου’
946 816 1063 901 βαθείᾳ
1079 815 1173 900 ψυχῇ

52 927 69 978 5
77 921 241 1002 μεριμνῶν
259 917 297 982 τοὶ
332 916 412 981 κατέ
444 914 535 980 πόλιν
566 911 713 980 οἷνέπειθε
735 912 790 980 τύν
806 911 1007 998 Ἀνδρόνικον
1027 905 1065 976 τύ
1085 913 1172 994 μάλα

76 1020 228 1100 τεχνικῶς
247 1014 291 1091 ῶς
322 1010 361 1080 εὖ
381 1013 491 1098 έχουσι
514 1011 554 1079 τύ
577 1018 652 1076 καθ’
671 1012 772 1099 ἡμᾶς,
792 1017 848 1080 καί
867 1011 911 1089 ῶς
930 1016 1172 1096 περιπεποίηται

76 1115 96 1198 ἦ
121 1108 215 1192 πόλις
238 1113 355 1200 ἄριστα
377 1115 432 1180 καί
449 1114 542 1178 addit
562 1115 645 1202 αύτῇ
666 1115 729 1178 τῶν
751 1109 886 1178 (λεόντοιν
907 1114 1003 1195 ένέεῖ,
1028 1114 1069 1174 ου’
1088 1109 1171 1192 πύρ-

76 1239 143 1298 γιον
162 1214 331 1302 ἀσφάλεια,
353 1215 393 1278 ου’
414 1213 601 1298 πετροβόλοι
621 1217 772 1298 μηχαναί,
794 1205 833 1276 ού
854 1215 968 1296 τειχῶν
986 1213 1173 1295 ε’πιποίησις,

77 1317 121 1378 ου’
141 1315 418 1398 περιτειχίσματος
437 1311 627 1398 έρυμνότης,
653 1312 692 1376 ού
713 1314 834 1397 πλῆθος
863 1313 917 1377 ιιαέ
937 1310 1049 1386 κοίλλος
1068 1309 1173 1394 ἁρμά-

37 1429 67 1480 10
76 1439 154 1495 των,
175 1409 234 1477 oria
254 1407 331 1477 ditio
353 1415 459 1495 ου’έέν,
483 1415 591 1496 ψευδῆ
604 1410 808 1498 μὲνγρύφοιν
826 1409 906 1495 πρές
929 1407 965 1477 τύ
987 1405 1092 1500 ἓαυτρΐ
1108 1408 1171 1492 μα’.

75 1537 119 1602 νιρ
142 1520 290 1580 συνοῖσον
315 1512 371 1577 καί
391 1513 613 1596 ἀνεξέλεγκτα,
634 1505 680 1576 ὅτι
712 1514 794 1597 μηδὲ
814 1504 854 1595 ἦν
874 1533 923 1586 τις
952 1508 969 1574 ὅ
992 1509 1055 1577 εἴτε
1078 1509 1173 1586 εἰδούς

75 1609 161 1700 οἵπερ
182 1610 323 1698 ἔγραφεν
336 1609 400 1678 εἴτε
414 1614 520 1676 λαλῶν
535 1608 599 1676 εἴτε
619 1615 724 1675 λαλεῖν
745 1613 877 1692 τολμῶν,
901 1615 1022 1676 πειθων
1042 1613 1077 1676 δέ
1092 1614 1173 1677 inal-

3 1739 5 1766 τ
73 1736 130 1780 νον
146 1714 204 1777 ουίι
218 1705 361 1794 εύτυχῶς
373 1706 457 1794 ἡμῖν.
479 1711 741 1794 πεπραγμέτευτο
754 1707 817 1795 γὰρ
832 1707 955 1796 θάρρος
968 1714 1119 1796 ἐμβαλεῖν
1129 1712 1174 1798 rq'i

73 1819 208 1895 βασιλεῖ
225 1809 300 1896 περί
320 1811 419 1896 ἡμῶν,
442 1809 484 1886 ῶς
503 1814 560 1874 ούκ
581 1804 622 1876 ἄν
643 1833 676 1874 τε
698 1812 794 1874 κακόν
814 1814 911 1875 ποθεν
929 1806 1097 1892 πείθοιμεν,
1119 1813 1172 1876 ἵνα

35 1929 64 1980 15
73 1909 200 1999 κεφαλη
230 1907 324 1993 μένος
344 1901 636 1996 αύτέςέφίσταιτο
660 1917 726 1984 τοῖς
746 1902 828 1995 ὦδε,
849 1912 906 1975 καί
924 1909 971 1995 μή
990 1934 1054 1976 τινι
1075 1908 1172 2000 ἑτέρῳ

73 2015 265 2096 ἐπιτραπείη
279 2010 325 2075 τοὶ
346 2012 431 2098 τῇδε,
458 2009 513 2098 οίιρ
534 2007 779 2094 περισύοασθαι
799 2013 913 2096 ταῦτα,
935 2012 991 2075 ναί
1010 2003 1095 2076 υύται
1114 2016 1171 2095 τῆς

73 2111 180 2195 α’ρχῆς
204 2107 300 2174 αὐτόν
319 2131 393 2173 ποτε
412 2112 639 2193 παραλυθῆναι
659 2107 714 2173 καί
727 2110 774 2183 εἷς
792 2118 905 2193 χεῖρας
923 2113 967 2198 τῷ
986 2110 1171 2198 Ἀνδρονίκῳ

72 2219 281 2294 περιτυχεῖν,
305 2207 366 2294 ύφ’
383 2199 428 2273 ῶν
445 2211 501 2272 καί
524 2208 625 2274 πύλαι
646 2203 685 2272 dv
703 2207 892 2295 συνετριβη,
924 2211 955 2275 εἰ
972 2205 1017 2294 μη
1038 2205 1055 2272 ὅ
1076 2212 1172 2292 σεβα-

71 2307 255 2392 στυκρύτυιρ
286 2305 447 2394 Μανουηλ
466 2307 573 2390 ἀγαθοὶ
596 2311 699 2373 λαλῶν
719 2309 775 2372 καί
801 2311 898 2390 μέσος
917 2315 1041 2375 πίπτων
1058 2331 1171 2392 γυναι.
1272 2363 1274 2370 .

33 2411 164 2475 λθιιειόυ
187 2407 267 2496 λόγῳ
297 2405 397 2478 αύτύν
419 2409 645 2493 περιεσιύζετο,
675 2411 714 2472 ου’
739 2405 817 2491 πρὸς
846 2407 984 2494 γαλήνην
1005 2405 1080 2494 ἡμῖν
1101 2409 1173 2472 ἀλλ’

74 2507 119 2583 ῶς
144 2509 190 2582 εἰς
210 2510 342 2593 τυφῶνα
362 2508 399 2572 τὸ
415 2510 478 2574 πῶν
498 2507 682 2593 ιινιιήσυντα.
725 2506 780 2572 καί
796 2509 828 2585 ές
848 2511 1001 2574 τοσούτου
1017 2510 1170 2593 περιῆλθε
1181 2534 1234 2588 235
1261 2554 1263 2559 .

74 2607 264 2693 πανούργως
285 2606 340 2674 τὸν
361 2613 496 2691 βασιλέα
518 2617 588 2684 ταῖς
622 2607 784 2694 τοιαύταις
806 2605 957 2691 μιθόέοις
979 2607 996 2674 ὅ
1018 2609 1095 2688 tot}
1116 2600 1171 2673 od·

152 2784 177 2835 7.
197 2780 264 2851 αὕτη
285 2787 309 2838 Τ
373 2827 378 2838 .

75 2938 97 2988 εἰ
117 2936 230 3006 Cpolim
255 2946 441 2992 reveteretur:
464 2958 519 3011 quo
539 2942 621 2994 etiam
640 2941 829 3010 significabat,
849 2941 903 2995 alio
922 2941 1014 3012 potius
1034 2957 1062 2993 ee
1081 2940 1172 2994 abitu·
1243 2931 1249 2943 ⁹

76 3025 149 3072 rum,
168 3017 197 3060 et
213 3025 276 3078 prae
297 3012 451 3064 calamitate
469 3012 566 3064 maiori
583 3021 803 3082 praeoptaturum
826 3013 966 3077 minorem,
988 3013 1116 3065 etmalle
1135 3029 1172 3077 re,

75 3096 162 3150 quam
183 3081 268 3132 oculis
287 3083 421 3151 privatum
440 3083 539 3146 vivere,
558 3085 630 3136 malo
651 3100 816 3154 quoeunque
834 3083 925 3152 affligi.
1026 3103 1028 3110 ·

152 3167 248 3236 ltaque
265 3170 329 3220 talia
349 3171 398 3222 ille
416 3185 506 3221 secum
525 3172 638 3238 agitans,
666 3187 716 3222 nec
734 3169 878 3223 admodum
896 3187 978 3222 curae
999 3169 1051 3222 eibi
1068 3169 1171 3222 habens

75 3238 197 3288 salutem
215 3239 308 3304 urbis,
336 3240 516 3310 persuadebat
544 3240 642 3293 callide
660 3241 823 3304 Andronico,
848 3242 920 3293 bene
939 3258 980 3293 res
998 3249 1103 3292 nostras
1121 3241 1172 3291 ha-

75 3307 148 3360 bere
167 3317 195 3360 et
213 3310 307 3362 urbem
326 3312 427 3382 optime
447 3314 605 3364 instructam
621 3329 694 3372 ease,
721 3329 772 3364 nec
792 3311 885 3364 decere
903 3312 1052 3382 quidquam
1074 3329 1170 3364 neces-

75 3380 190 3441 sarium,
207 3398 262 3433 non
285 3385 401 3434 turrium
415 3383 568 3435 firmitatem
587 3392 634 3441 aut
651 3383 784 3446 ballistas,
802 3401 858 3435 non
870 3400 1006 3434 murorum
1019 3384 1171 3434 moenium-

75 3467 133 3520 que
152 3453 329 3517 munimenta,
347 3471 402 3505 non
418 3471 510 3506 currus
524 3455 680 3526 frequenter
692 3462 923 3525 praestantesque,
941 3469 992 3506 nec
1009 3455 1093 3505 ullam
1115 3469 1171 3505 rem

74 3522 178 3572 aliam:
207 3540 276 3594 quae
301 3524 440 3578 mendacia
469 3525 579 3596 quidem
607 3533 699 3590 eraut,
723 3524 758 3575 ad
787 3525 872 3596 ipeiue
896 3526 983 3577 tolum
1002 3522 1171 3576 commodum

75 3591 205 3659 conficta,
227 3611 278 3646 nec
297 3603 388 3648 tamen
408 3597 541 3648 confutari
551 3604 688 3666 poterant,
707 3596 771 3666 quia
791 3613 870 3648 nemo
889 3605 954 3660 erat,
973 3598 1020 3666 qui
1040 3605 1087 3646 aut
1104 3613 1168 3646 noa·

75 3671 120 3714 oet
139 3679 189 3724 ea,
217 3683 287 3736 quae
316 3667 365 3718 ille
387 3668 538 3730 scribebat,
556 3676 605 3720 aut
624 3669 782 3736 loqueretur
807 3675 855 3718 aut
887 3666 998 3719 auderet
1017 3667 1103 3738 loqui,
1122 3666 1170 3718 aed

75 3733 223 3786 credibilia
245 3738 335 3788 omnia
352 3740 405 3790 ieta
424 3747 500 3797 erant
529 3739 694 3809 imperatori,
712 3735 785 3789 haud
803 3738 927 3810 proiecto
948 3737 1027 3790 nobie
1045 3738 1169 3789 feliciter.

76 3803 131 3856 hoc
147 3805 220 3856 euim
238 3807 293 3858 dux
310 3819 402 3860 noster
429 3809 543 3878 agebat,
564 3817 595 3861 ut
612 3811 766 3878 imperatori
781 3809 882 3861 bonum
903 3808 937 3860 de
954 3809 1034 3860 nobis
1053 3810 1170 3860 animum

76 3872 201 3940 faceret,
217 3885 348 3949 tanquam
376 3879 447 3933 nihil
473 3878 656 3952 undecunque
674 3880 795 3944 afflictis,
814 3897 869 3951 quo
888 3881 960 3932 eolus
982 3895 1069 3931 rerum
1090 3889 1170 3950 caput

76 3949 162 4003 emet,
179 3960 247 4000 aene
265 3951 359 4002 ciritae
378 3959 469 4003 nostra
488 3952 702 4004 committeretur
725 3952 783 4014 alii,
801 3952 850 4022 qui
869 3967 973 4002 servare
993 3967 1050 4000 cam
1069 3959 1170 4020 postet,

75 4015 137 4082 ipse
161 4011 227 4094 ‘1⁰00
252 4028 345 4073 motus
370 4023 400 4074 in
425 4037 520 4073 manue
539 4021 684 4073 Andronici
710 4022 851 4085 incideret,
876 4021 974 4092 quibua
993 4021 1170 4092 iampridem

76 4089 214 4166 contritae
234 4083 338 4150 fuisset,
354 4093 406 4144 nisi
418 4093 530 4144 Manael
548 4092 744 4145 aebnatocrator
761 4092 896 4162 placando
915 4101 943 4146 et
962 4094 1170 4146 interveniendo
1251 4135 1252 4139 ,

76 4153 257 4208 mulierculae
283 4174 363 4210 cauea
392 4163 470 4214 illum
490 4172 629 4226 servasset,
649 4163 722 4216 haud
740 4165 883 4216 consulent
904 4165 1097 4234 tranquillitati
1117 4179 1169 4214 no-

76 4232 168 4289 strae,
187 4224 236 4278 red
252 4234 441 4301 tempestatem
459 4235 578 4288 excitano
600 4243 698 4288 cuncte
721 4235 897 4289 turbatorem.
915 4243 1017 4306 -atque
1036 4236 1073 4290 ita
1089 4235 1168 4288 calli-
