2892 4904
601 1101 672 1174 An

91 1333 452 1432 naonis
525 1334 1183 1468 outnnnrror

221 1585 345 1660 vnis
381 1567 696 1664 ancamtonuu
727 1587 1049 1668 menntronun

230 1801 281 1866 Fa.
301 1803 477 1867 Francrscr'
489 1802 638 1868 Conscius
663 1803 785 1868 Ordinis
804 1803 1046 1872 Praedicatorum

399 1969 654 2054 congregationis
674 1971 704 2035 S.
724 1971 888 2051 Ludovici,
1001 2063 1003 2070 Ι

394 2156 863 2292 norrun

498 2367 770 2380 .........--—·---.--

83 2509 216 2598 Leonis
238 2537 445 2600 Grammatici
473 2559 510 2598 an
545 2545 627 2598 extet
650 2543 887 2598 monumentum
922 2537 1008 2602 aliud
1038 2547 1096 2606 ¹ant
1117 2561 1186 2600 me-

85 2620 204 2694 moria,
223 2641 272 2680 me
296 2623 381 2682 latet.
424 2622 515 2682 fuisse
537 2642 608 2680 eam
629 2641 797 2702 supparem
819 2619 877 2680 iliis
899 2641 1037 2702 quorum
1056 2643 1109 2692 ,res
1131 2645 1189 2704 ge*

86 2715 151 2766 stas
172 2715 356 2786 prosecutus
380 2714 447 2782 eat,
483 2705 547 2785 ipsa
568 2704 757 2785 subscriptio
792 2703 876 2766 clare
895 2701 1021 2766 indicat.
1065 2727 1139 2766 num
1164 2708 1188 2766 is

87 2791 159 2870 ipse
178 2789 217 2850 sit
241 2789 326 2849 cuius
347 2787 487 2854 meminit
501 2787 660 2848 Cedrenus
676 2788 765 2848 initio
783 2787 942 2863 historiae,
957 2787 1054 2850 Λέων
1079 2783 1187 2852 ‹trra-

85 2871 173 2952 ρίας,
196 2871 378 2934 coniectura
400 2893 463 2930 non
487 2871 562 2932 levis
585 2871 691 2948 fuerit,
716 2893 786 2932 cum
809 2872 909 2953 ipsum
923 2873 1037 2933 Leonis
1062 2893 1186 2953 nomen,

85 2965 159 3016 tum
182 2955 269 3035 quod
292 2957 351 3025 alia
375 2976 411 3014 ac
428 2953 580 3036 tantisper
604 2955 774 3016 recentiori
790 2977 885 3014 manu
905 2955 1080 3018 subiectum
1105 2966 1188 3018 extat

84 3040 135 3100 iili
160 3039 383 3120 subscriptioni
407 3038 438 3097 in
464 3041 540 3120 Reg.
563 3038 633 3117 cod.
657 3039 752 3100 Λέων
774 3035 929 3116 πρόεδρος
950 3034 1006 3099 καί
1025 3037 1101 3112 ieri}
1123 3041 1188 3103 tuin

85 3121 309 3201 utptvpotmroio
335 3117 351 3181 ὅ
375 3117 604 3202 strenuitates,
627 3123 682 3182 καί
705 3121 816 3192 οἰκεῖος
838 3111 1007 3200 ἅνθρωπος
1028 3123 1087 3183 τοῦ
1110 3144 1186 3204 κρα-

82 3203 185 3267 ταιοῦ
208 3199 263 3264 καὶ
290 3201 416 3285 πρώτου
449 3199 538 3283 ἡμῶν
557 3203 724 3283 βασιλέως.
780 3204 937 3266 adiectum
958 3205 1040 3266 enim
1062 3206 1123 3270 hoc
1146 3209 1187 3268 ad

84 3296 255 3350 auctorem
268 3287 489 3371 designandum
502 3288 559 3348 sibi
582 3289 650 3370 quis
668 3286 758 3348 facile
770 3289 967 3368 persuadeat.
993 3289 1108 3372 Cibyra
1123 3290 1186 3351 Pii.

83 3374 143 3432 nio
157 3373 267 3433 Cariae
287 3380 341 3449 est,
365 3372 420 3432 etsi
436 3371 674 3454 aliistrygiae,
697 3391 777 3454 quae
798 3380 869 3430 sunt
891 3372 1031 3455 regiones
1055 3372 1185 3436 vicinae.

83 3465 119 3517 at
141 3471 216 3514 num
236 3456 330 3539 magis
353 3453 432 3516 istud
443 3455 596 3516 Vaticano
619 3455 843 3515 acBarberino
867 3456 1082 3518 continuatori
1105 3478 1185 3516 ano.

82 3559 184 3623 nymo
207 3540 382 3613 conveniat,
404 3559 496 3620 quem
519 3537 715 3600 etCedrenus
735 3538 907 3620 praecipue
929 3551 1002 3622 post
1015 3537 1185 3622 Theophra.

81 3645 162 3684 nem
184 3625 334 3706 sublegit,
365 3622 493 3682 haereo.
547 3623 570 3683 is
601 3642 735 3704 namque
763 3642 838 3682 vere
858 3623 1067 3705 imperatoris,
1089 3634 1185 3708 atque
1287 3663 1292 3670 ·

82 3707 121 3768 id
141 3705 248 3788 primi,
286 3705 444 3769 familiaris
468 3705 536 3781 fuit,
561 3705 607 3767 uti
629 3705 729 3787 liquet
751 3725 786 3766 ex
810 3707 988 3786 prooemio,
1013 3729 1076 3791 quo
1098 3729 1184 3768 suam

82 3789 133 3851 illi
158 3789 319 3853 historiam
352 3809 387 3850 ac
422 3789 635 3850 recentiorum
669 3789 898 3871 imperatorum
929 3791 1009 3852 vitas
1027 3792 1183 3876 inscribit,

83 3895 202 3954 nempe
222 3873 439 3954 Constantino,
466 3872 521 3956 qui
543 3881 575 3935 et
597 3871 715 3954 primus
741 3872 923 3954 imperator,
947 3876 1003 3935 etsi
1025 3897 1095 3938 eum
1116 3875 1182 3935 Ro.

82 3977 196 4019 manus
207 3957 247 4018 ab
270 3977 307 4020 eo
325 3957 499 4039 imperator
521 3957 656 4018 adiectus
677 3954 777 4037 gradu
798 3955 964 4036 deiecerat,
984 3959 1183 4040 primumque

81 4045 152 4123 ipse
184 4041 286 4102 iocum
317 4061 354 4101 ac
378 4039 531 4124 gerendae
560 4039 749 4122 reipublicae
785 4037 1005 4102 auctoritatem
1032 4062 1182 4103 summam

81 4135 305 4206 usurpaverat,
323 4146 359 4188 ac
380 4134 507 4208 praeter
528 4123 653 4185 titulum
677 4123 726 4183 vix
747 4120 830 4184 aliud
852 4121 939 4204 quod
960 4124 999 4184 sit
1016 4126 1181 4188 maiestatis

81 4208 292 4270 Constantino
317 4205 498 4291 reliquerat.
543 4219 574 4270 at
598 4205 674 4268 nihil
689 4216 774 4270 vetet
794 4206 884 4268 fuisse
904 4207 1122 4288 Constantino,
1146 4220 1181 4272 ut
1253 4267 1256 4274 .

192 4333 245 4384 Leo
267 4333 475 4386 Grammaticm.
652 4319 655 4328 λ
995 4330 1032 4382 33
