2932 4892
193 1164 668 1264 IMMANUELIS
710 1162 1028 1258 BEKKERI
1149 1201 1154 1210 ¹

387 1387 417 1462 r
442 1387 472 1462 u
498 1383 525 1458 r
550 1383 578 1460 u
602 1385 627 1457 r
651 1381 680 1458 r
704 1385 770 1460 τι
797 1349 854 1459 o.'

18 1683 24 1864 t}
84 1780 207 1877 [ieonis
231 1803 464 1904 grammatici
488 1816 631 1902 portem
657 1827 738 1878 earu
773 1824 872 1901 quoe
901 1827 984 1901 ap.
1001 1809 1072 1877 207
1110 1800 1158 1874 ad

84 1959 136 2028 331
160 1961 337 2056 pertinet,
361 1958 616 2059 postGoarum
626 1958 867 2034 Combefisius
883 1958 1012 2056 edidit,
1035 1961 1158 2033 Theo-

18 2083 19 2086 *
81 2103 189 2199 phanis
220 2109 282 2182 sui
307 2134 345 2208 p.
362 2103 575 2185 tto-510.
631 2111 782 2184 aiteram
811 2134 929 2209 nuper
954 2107 1156 2184 admodum

81 2251 100 2322 l.
120 2253 154 2327 A.
180 2255 377 2348 Cramerus
405 2257 562 2356 adiecit,
581 2256 855 2336 Aueodotorum
889 2257 1111 2332 Graecorum
1136 2284 1157 2331 e

83 2402 250 2481 codicibus
277 2409 534 2508 manuscriptis
557 2402 804 2483 bibliothecae
818 2407 951 2508 Regiae
974 2408 1156 2482 Parisieu·

80 2549 115 2622 sis
136 2559 158 2627 2
178 2551 447 2656 p.2t3-379.
474 2559 539 2658 qui
565 2559 615 2632 ita
638 2555 820 2658 praefatus
844 2569 908 2630 est.
1015 2585 1021 2594 ¹

18 2649 23 2790 i
257 2705 362 2780 Hanc
386 2707 572 2807 Anonymi
604 2705 957 2807 chronographiam,
989 2733 1101 2808 quam
1136 2734 1156 2792 e

261 2853 395 2970 oodioe
436 2853 510 2932 854
543 2857 566 2931 f.
604 2861 679 2932 328
711 2883 741 2931 r.
774 2856 1013 2958 deprompsi,
1044 2857 1159 2930 Leoni

259 3006 500 3102 grammatico
533 3005 664 3081 tribuit
688 3007 841 3105 catalogi
864 3006 1070 3101 confector,
1093 3005 1159 3078 sed

262 3178 478 3252 perperam,
511 3154 642 3230 credo:
675 3179 761 3230 nam
801 3180 844 3231 eo
874 3168 979 3256 parte
1016 3169 1158 3230 tantum

263 3303 386 3406 operis
403 3328 542 3378 nomeu
554 3305 687 3380 Leonis
705 3319 897 3406 comparet
921 3329 1018 3406 quae
1033 3306 1158 3403 sequi-

259 3463 320 3524 tur
333 3463 503 3550 tempora
528 3478 688 3553 quorum
705 3455 853 3528 annales
870 3455 1027 3530 coniecit
1037 3454 1159 3526 Theo-

263 3600 416 3696 phanes,
426 3613 463 3674 et
473 3602 566 3676 haec
579 3604 664 3678 satis
683 3616 890 3703 congruunt
908 3629 992 3677 oum
1010 3604 1054 3677 iis
1066 3627 1160 3701 quae

263 3747 330 3820 sub
356 3751 433 3824 eiuo
445 3750 577 3830 Leonis
600 3754 752 3827 nomine
778 3754 817 3827 in
827 3751 991 3851 Corpore
1011 3754 1160 3851 *Byzant

262 3895 393 3996 Soript.
417 3901 559 3998 vulgata
581 3913 694 3976 suut*
738 3903 813 3976 hoc
839 3903 1043 3976 chronicon
1070 3904 1161 3974 mihi

265 4043 409 4121 videtur
434 4073 511 4124 esse
537 4050 744 4124 coniectum
777 4077 820 4122 ex
843 4051 950 4125 variis
973 4052 1162 4150 scriptori·

220 4207 225 4220 ·
266 4191 347 4288 bus,
365 4191 544 4292 cedreno,
562 4199 699 4273 Ioanne
711 4197 958 4294 Antiocheno,
984 4199 1161 4272 chronico
