2892 4904
252 359 325 428 500
679 352 930 420 eustatmus

251 512 330 576 κατό
352 533 440 583 τινας
457 505 541 583 ἰδίας
561 503 683 589 ἔχθρας
704 505 871 588 λαγχάνειν
884 503 1114 587 ἐπανόρθωσιν,
1139 507 1194 572 καί
1216 507 1271 572 cais
1291 507 1339 570 εἰ·

234 607 379 697 ,φραιλης
411 607 533 692 ἡμέρα,
565 607 664 688 ἡτῆς
695 605 933 689 πανωλεθρίας,
965 605 1142 691 κατερράγη
1170 603 1265 689 ἡμῖν·
1308 605 1342 688 ἢν

250 703 367 794 ἤθελον
387 709 448 789 μὲν
470 708 505 770 ἐκ
532 707 596 770 τεόν
621 705 676 770 τοῦ
697 709 796 769 καλοῦ
815 707 963 770 ἐνιαυτοῦ
985 702 1265 788 ιίναπληρωμιὶτων
1282 705 1342 768 αό-

187 825 241 884 ³04
251 812 321 874 τίκα
341 809 520 890 ἐκκοπῆναι,
543 801 650 870 ὁκοῖόν
669 829 701 871 τι
722 806 933 889 λελυπημένος
960 804 1049 868 καίό
1071 802 1254 888 καρτερικός
1278 803 1342 886 'leid

252 903 377 987 εὔξατο.
434 906 504 971 ἄλλ’
532 903 549 970 ό
570 901 719 984 ἐπιτάξας
746 907 789 992 τῷ
807 904 885 992 ἡλίῳ
917 901 1035 988 ὁρίζειν
1056 903 1096 969 τό
1117 905 1178 968 τοῦ
1200 905 1364 968 ἐνιαυτοόό

253 1010 326 1072 καθ’
345 1004 457 1089 εἱρμὸν
476 1005 531 1070 τόν
551 1005 606 1069 α’π’
627 1003 750 1068 αἰώνων
778 1002 982 1080 ἐξουδεναόσει
1011 1000 1134 1080 πόντως
1156 1001 1193 1068 τό
1216 1005 1273 1084 τῆς
1292 1005 1346 1067 eu'·

252 1109 314 1190 χῆς
331 1101 465 1188 ταύτης,
492 1101 711 1179 πεπαιδευκώς
743 1096 846 1179 ἄλλως
867 1096 1032 1186 εὔχεσθαι,
1056 1102 1345 1188 ἀνθρωπικώτερον.

252 1203 366 1289 τὸγὰρ
401 1200 485 1269 orites
519 1211 698 1286 γονυπετεῖν
728 1204 761 1267 ἐν
782 1203 926 1287 δεήσεσιν
958 1201 1014 1266 oris
1041 1197 1081 1268 όίν
1102 1201 1151 1286 εἰη
1173 1205 1285 1285 ψυχῆς
1303 1201 1346 1283 μὴ

253 1307 520 1390 παραφερομένης
540 1297 586 1378 οἷς
609 1302 820 1366 παθαίνεται·
870 1297 945 1366 ὅθεν
963 1305 1020 1366 καί
1041 1299 1225 1385 συγγνωστὰ
1248 1303 1280 1365 εἰ
1297 1300 1349 1366 καί

254 1399 338 1471 οότω
361 1408 527 1486 λαλοῦμεν.
568 1403 653 1466 λίθοι
675 1399 738 1484 νόρ
759 1403 904 1466 ἐνταῦθα
925 1401 984 1465 οιίκ
1006 1397 1046 1466 dv
1066 1399 1275 1485 παθὴνοιιιτο,
1299 1400 1382 1468 auito

254 1499 350 1578 όσους
372 1512 439 1569 κατ’
462 1489 588 1576 adrosis.
630 1504 697 1578 πῶς
719 1499 779 1584 γὰρ
802 1495 978 1585 ἄνθρωπος,
998 1497 1079 1566 ἔνθα
1098 1505 1154 1566 καί
1172 1504 1238 1566 τῶν
1261 1507 1349 1564 πολε.

253 1607 336 1687 μίαν
356 1603 386 1668 οἰ
406 1600 591 1689 φαινόμενοι
611 1599 686 1665 θεόν
706 1603 824 1666 εἰόέναι
846 1604 903 1666 καί
914 1625 945 1664 τι
966 1598 1053 1683 ἔχειν
1071 1598 1176 1666 οἴκτου
1196 1597 1253 1664 καί
1271 1601 1348 1683 α’θη·

255 1707 364 1785 ρίωτοι
395 1704 549 1786 ἐδάκρυον
569 1704 624 1766 καί
644 1703 888 1782 κατεστέναζον,
908 1683 1074 1782 βλέποντες
1092 1702 1182 1764 πόλιν
1201 1697 1349 1782 τοιαύτην

256 1797 341 1868 οότω
372 1805 598 1888 κατῃκισμένην
622 1801 677 1865 καί
703 1803 920 1885 ἐζημιωμένην
941 1805 1067 1881 καλοῖς,
1087 1795 1178 1883 ἅπερ,
1201 1801 1232 1864 εἰ
1253 1803 1348 1863 dress-

253 1903 352 1988 μήθη,
374 1903 523 1986 πλείστην
544 1896 584 1965 όν
604 1902 660 1984 τῆς
680 1902 862 1986 οἰκουμένης
882 1901 927 1974 εἰς
946 1895 1197 1981 εὐδαιμονισμόν
1220 1895 1380 1982 &biera-15
1433 1931 1434 1950 ι

255 2027 333 2085 σονς
355 2004 396 2066 οιί
412 2000 472 2088 γὰρ
496 2000 587 2078 πόλις
606 1995 645 2085 ἦν
665 1998 685 2088 ἦ
707 2000 827 2084 ἁπλοῖς,
850 1998 931 2064 esst
952 1997 1105 2084 μακάρων
1128 2001 1179 2084 μῆ,
1202 1997 1347 2064 ὁποίανό

253 2103 371 2183 μαθιόν
390 2102 449 2166 cdx
465 2097 505 2166 εἰν
529 2100 597 2185 ἔχοι
621 2105 781 2166 λαθέσθαι
802 2100 923 2183 ου’τῆς·
944 2095 965 2185 ἢ
987 2096 1153 2164 θάλλουσα
1175 2101 1267 2164 ἐσαεί
1286 2105 1348 2173 τοῖς

255 2199 336 2266 κατὰ
352 2201 469 2282 κόσμον
484 2209 592 2277 καλοῖς
605 2198 760 2286 ἐξήνθησε
780 2197 850 2266 τότε
871 2200 1074 2284 α’τημελὴτοις
1085 2207 1218 2283 νεκροῖς,
1239 2190 1283 2262 οἷν
1297 2197 1349 2261 καί

255 2303 351 2367 εἰσέτι
364 2300 499 2385 σώματα
523 2304 641 2387 οἰκηόέα
665 2311 766 2365 κεῖται
788 2301 821 2364 ἐν
841 2302 1072 2384 παραβύστοις,
1091 2302 1224 2384 ἀνδρῶν,
1240 2323 1345 2379 γυναι.

256 2404 332 2481 καῖν,
353 2407 472 2484 νηπίων
488 2401 644 2486 οἰκμαίων,
664 2399 889 2482 μεσαιπολίων,
912 2396 1076 2482 γερόντων,
1098 2401 1199 2464 εἰπεῖν
1220 2397 1254 2464 τό
1277 2397 1378 2480 ‹ira-ut

255 2504 425 2586 λεέστερον,
440 2504 637 2587 παρειμένων
656 2496 745 2585 iiras*
765 2493 842 2564 ἄλλο
855 2525 884 2566 τι
901 2508 984 2574 οἰνος
1004 2499 1173 2565 παθόντων
1194 2497 1345 2584 ἀποτυχίη

257 2599 394 2688 φύσεως,
416 2599 470 2666 καί
490 2597 595 2666 αὐτῶν
622 2599 663 2686 δη
684 2603 745 2666 τόν
778 2595 956 2688 ὅπηδήποιε
977 2603 1273 2684 νοσοκομουμένων,
1294 2594 1345 2671 adr

258 2884 371 2956 diesque
391 2885 470 2938 nobis
491 2887 583 2941 illuxit
596 2889 735 2950 nefastus,
754 2887 812 2940 dies
831 2895 966 2942 extremae
984 2886 1127 2958 perniciei:
1145 2886 1254 2957 qualem
1274 2881 1341 2936 diem

258 2965 460 3025 extemporum
480 2960 555 3010 suavi
574 2959 758 3011 vicissitudine
778 2959 855 3011 illico
875 2961 993 3011 excisum
1012 2958 1103 3021 velim,
1124 2967 1155 3011 ut
1171 2958 1288 3026 graviter
1303 2955 1343 3005 sl-

257 3025 346 3077 llictus
367 3029 577 3096 patientissimus
599 3032 647 3082 ille.
670 3032 718 3080 lob
737 3039 860 3098 precatus
879 3039 929 3082 est.
950 3045 1041 3080 verum
1062 3028 1093 3090 is,
1113 3030 1160 3098 qui
1180 3027 1265 3079 solem
1284 3025 1343 3077 anni

259 3096 387 3166 deinceps
408 3098 605 3163 vicissitudines
624 3102 764 3152 absolvere
784 3100 877 3152 iudea
901 3117 987 3152 rerum
1008 3099 1142 3167 principio
1161 3099 1252 3159 iussit,
1270 3098 1344 3148 aliter

258 3185 309 3220 nos
334 3171 437 3235 precari
455 3169 561 3232 docuit,
592 3180 620 3222 et
649 3171 682 3222 ad
701 3172 818 3222 nihilum
845 3173 939 3241 utique
969 3155 1123 3221 redactbrus
1151 3177 1193 3220 est
1210 3160 1273 3222 t'alis
1290 3166 1343 3219 voti

258 3239 404 3290 humanam
431 3241 655 3294 imbecillitatem.
700 3259 817 3312 namque
844 3244 881 3292 ita
901 3242 977 3292 ssexis
997 3241 1109 3310 genibus
1129 3239 1234 3309 precari
1250 3238 1344 3292 mentis

258 3311 330 3361 foret
348 3311 442 3362 dolore
461 3313 604 3383 abreptae:
624 3312 695 3364 unde
715 3315 796 3364 etiam
815 3313 1007 3381 ignoscendum
1029 3321 1079 3375 est,
1099 3311 1120 3362 si
1141 3311 1180 3362 ita
1199 3305 1343 3381 loquimur·

257 3397 375 3450 namque
393 3382 499 3451 lapides
519 3385 630 3436 fortasse
653 3391 681 3436 et
700 3384 748 3453 qui
766 3393 829 3435 suut
847 3384 966 3452 lapidum
987 3383 1088 3434 similes
1106 3381 1152 3432 hic
1167 3399 1226 3438 nen
1243 3381 1345 3432 lamen-

258 3460 352 3503 tentur
370 3453 575 3522 vehementius3
595 3456 718 3507 homines
738 3463 829 3506 autent
856 3453 990 3524 quomodo
1020 3453 1219 3514 abstinuerint,
1239 3449 1343 3522 quando

260 3525 340 3574 etiem
359 3541 393 3574 ex
410 3522 533 3576 hostibus
546 3527 574 3588 ii,
595 3527 641 3595 qui
658 3528 736 3576 eleum
749 3527 848 3576 sentire
869 3536 896 3576 et
908 3525 1007 3576 habere
1025 3523 1130 3594 aliquid
1150 3521 1344 3576 misericordiae

260 3601 288 3644 et
298 3611 353 3644 non
370 3595 451 3663 plene
465 3596 578 3648 ferarum
592 3598 677 3648 instar
695 3613 752 3648 esse
765 3595 941 3659 videbantur,
952 3597 1161 3646 lacrimabantur
1174 3603 1202 3646 et
1222 3593 1344 3662 ingemis-

260 3663 367 3725 cebant,
386 3682 469 3733 quum
486 3667 579 3718 urbem
590 3676 643 3718 tam
660 3668 782 3718 eximiam
798 3669 835 3718 ita
848 3675 981 3736 turpatam
1000 3666 1200 3736 spoliatamque
1210 3669 1345 3716 cernerent

260 3735 367 3802 opibus,
387 3751 457 3804 quae
469 3747 530 3806 apte
546 3738 705 3790 distributae
719 3754 839 3805 magnam
856 3745 985 3789 terrarum
996 3745 1100 3804 partem
1109 3736 1192 3787 beare
1209 3751 1289 3803 posse
1306 3732 1344 3783 ri-

260 3805 409 3858 derentur?
434 3824 523 3878 neque
543 3811 613 3859 enim
634 3810 681 3860 illa
704 3809 861 3878 simpliciter
879 3807 940 3859 urbs
960 3808 1026 3870 suit,
1043 3805 1091 3858 sed
1109 3806 1252 3858 beatorum
1270 3813 1344 3865 terra,

261 3893 341 3944 quam
351 3878 398 3946 qui
409 3879 492 3930 semel
505 3875 625 3940 ¹vidisset,
639 3880 761 3932 oblivisci
771 3881 1016 3948 utinquam‘posset.
1028 3894 1128 3940 verum,
1140 3893 1210 3947 quas
1225 3875 1345 3926 omnibus

261 3963 366 4014 semper
377 3947 455 4000 bonis
464 3951 635 4002 terrestribus
651 3951 787 4012 floruerat,
801 3949 889 4002 obsita
901 3957 958 4000 tum
972 3958 1029 4000 erat
1040 3948 1215 4000 cadaveribus
1227 3943 1346 4014 insepul-

262 4018 305 4080 tis,
325 4034 340 4067 e
361 4020 459 4088 quibus
476 4022 629 4072 etiamnunc
643 4023 727 4072 rurrlta
744 4021 772 4070 in
783 4022 849 4072 locis
862 4019 976 4071 desertis
987 4019 1103 4088 dispersa
1115 4020 1215 4080 iacent,
1225 4019 1344 4074 virorum,

261 4087 413 4151 mulierum,
425 4091 577 4148 infantium.
589 4095 725 4153 iuvenum,
745 4100 811 4142 natu
826 4091 974 4156 grandium,
996 4098 1032 4150 et,
1048 4088 1121 4158 quod
1132 4090 1255 4157 inprimis
1269 4086 1344 4138 mise·
1428 4103 1429 4118 2

263 4157 347 4206 rabile
367 4169 417 4222 est,
431 4176 524 4212 senum
536 4161 724 4216 exhaustorum
741 4162 784 4213 vel
800 4163 880 4213 aliam
895 4160 1029 4212 miseriam
1048 4168 1219 4228 expertorum
1239 4163 1344 4227 propter

260 4227 442 4281 infirmitatem
451 4238 572 4295 naturae,
583 4233 758 4303 ipsorumque
769 4231 837 4285 adeo
848 4231 987 4284 hominum
998 4239 1135 4301 utcunque
1144 4227 1342 4300 aegrotantium,
