<?xml version="1.0" encoding="UTF-8"?>
<!DOCTYPE html PUBLIC "-//W3C//DTD XHTML 1.0 Transitional//EN"
    "http://www.w3.org/TR/xhtml1/DTD/xhtml1-transitional.dtd">
<html xmlns="http://www.w3.org/1999/xhtml" xml:lang="en" lang="en">
 <head>
  <title>
</title>
<meta http-equiv="Content-Type" content="text/html;charset=utf-8" />
  <meta name='ocr-system' content='tesseract 3.04.00' />
  <meta name='ocr-capabilities' content='ocr_page ocr_carea ocr_par ocr_line ocrx_word'/>
</head>
<body>
  <div class='ocr_page' id='page_1' title='image "./chronographia01eustgoog_0407.png"; bbox 0 0 2838 4902; ppageno 0'>
   <div class='ocr_carea' id='block_1_1' title="bbox 284 337 957 414">
    <p class='ocr_par' dir='ltr' id='par_1_1' title="bbox 284 337 957 414">
     <span class='ocr_line' id='line_1_1' title="bbox 284 337 957 414; baseline -0.016 -4"><span class='ocrx_word' id='word_1_1' title='bbox 284 337 358 414; x_wconf 76' lang='lat' dir='ltr'>iot</span> <span class='ocrx_word' id='word_1_2' title='bbox 705 339 957 402; x_wconf 69' lang='lat' dir='ltr'>susurremus</span> 
     </span>
    </p>
   </div>
   <div class='ocr_carea' id='block_1_2' title="bbox 168 483 1381 2763">
    <p class='ocr_par' dir='ltr' id='par_1_2' title="bbox 168 483 1381 2763">
     <span class='ocr_line' id='line_1_2' title="bbox 284 483 1349 578; baseline -0.016 -13"><span class='ocrx_word' id='word_1_3' title='bbox 284 500 491 573; x_wconf 75' lang='grc' dir='ltr'><em>ἀπολεῖσθαι,</em></span> <span class='ocrx_word' id='word_1_4' title='bbox 520 495 550 556; x_wconf 77' lang='lat' dir='ltr'>rt</span> <span class='ocrx_word' id='word_1_5' title='bbox 577 487 621 575; x_wconf 71' lang='lat' dir='ltr'>ru)</span> <span class='ocrx_word' id='word_1_6' title='bbox 643 489 685 578; x_wconf 75' lang='grc' dir='ltr'>τῷ</span> <span class='ocrx_word' id='word_1_7' title='bbox 707 489 810 575; x_wconf 77' lang='grc' dir='ltr'><em>μικρῷ</em></span> <span class='ocrx_word' id='word_1_8' title='bbox 837 486 892 550; x_wconf 89' lang='grc' dir='ltr'>καί</span> <span class='ocrx_word' id='word_1_9' title='bbox 913 483 1103 568; x_wconf 84' lang='grc' dir='ltr'><em>α’γυμνάστιο</em></span> <span class='ocrx_word' id='word_1_10' title='bbox 1122 485 1243 573; x_wconf 76' lang='grc' dir='ltr'><em>Ἀλεξίιρ</em></span> <span class='ocrx_word' id='word_1_11' title='bbox 1259 484 1289 550; x_wconf 81' lang='grc' dir='ltr'>τό</span> <span class='ocrx_word' id='word_1_12' title='bbox 1311 485 1349 562; x_wconf 81' lang='grc' dir='ltr'>εὶς</span> 
     </span>
     <span class='ocr_line' id='line_1_3' title="bbox 221 583 1349 682; baseline -0.013 -19"><span class='ocrx_word' id='word_1_13' title='bbox 221 621 274 676; x_wconf 76' lang='lat'>273</span> <span class='ocrx_word' id='word_1_14' title='bbox 281 600 446 682; x_wconf 79' lang='grc' dir='ltr'><em>βασιλείαν</em></span> <span class='ocrx_word' id='word_1_15' title='bbox 471 591 526 657; x_wconf 85' lang='grc' dir='ltr'>τόν</span> <span class='ocrx_word' id='word_1_16' title='bbox 549 585 753 674; x_wconf 83' lang='grc' dir='ltr'><em>Ἀνδρόνικον</em></span> <span class='ocrx_word' id='word_1_17' title='bbox 774 583 1025 664; x_wconf 86' lang='grc' dir='ltr'><em>συνδυάσουσιυ,</em></span> <span class='ocrx_word' id='word_1_18' title='bbox 1056 607 1092 646; x_wconf 83' lang='grc' dir='ltr'><em>ευ</em></span> <span class='ocrx_word' id='word_1_19' title='bbox 1113 587 1198 665; x_wconf 88' lang='grc' dir='ltr'><em>μάλα</em></span> <span class='ocrx_word' id='word_1_20' title='bbox 1215 587 1349 666; x_wconf 84' lang='grc' dir='ltr'><em>δεδασμέ-</em></span> 
     </span>
     <span class='ocr_line' id='line_1_4' title="bbox 283 675 1349 772; baseline -0.014 -9"><span class='ocrx_word' id='word_1_21' title='bbox 283 721 334 764; x_wconf 89' lang='grc' dir='ltr'><em>νου</em></span> <span class='ocrx_word' id='word_1_22' title='bbox 354 695 409 760; x_wconf 88' lang='grc' dir='ltr'>καί</span> <span class='ocrx_word' id='word_1_23' title='bbox 431 691 469 760; x_wconf 86' lang='grc' dir='ltr'>τά</span> <span class='ocrx_word' id='word_1_24' title='bbox 504 693 550 765; x_wconf 84' lang='grc' dir='ltr'>εἰς</span> <span class='ocrx_word' id='word_1_25' title='bbox 579 684 729 762; x_wconf 89' lang='grc' dir='ltr'><em>τοιαότας</em></span> <span class='ocrx_word' id='word_1_26' title='bbox 758 690 890 768; x_wconf 78' lang='grc' dir='ltr'><em>τέχνας,</em></span> <span class='ocrx_word' id='word_1_27' title='bbox 912 679 1034 750; x_wconf 80' lang='grc' dir='ltr'><em>οἷόντε</em></span> <span class='ocrx_word' id='word_1_28' title='bbox 1056 675 1130 748; x_wconf 82' lang='grc' dir='ltr'><em>ὄντα</em></span> <span class='ocrx_word' id='word_1_29' title='bbox 1150 686 1349 772; x_wconf 81' lang='grc' dir='ltr'><em>συνδιαφὲρειν</em></span> 
     </span>
     <span class='ocr_line' id='line_1_5' title="bbox 282 778 1349 884; baseline -0.015 -22"><span class='ocrx_word' id='word_1_30' title='bbox 282 799 387 884; x_wconf 78' lang='grc' dir='ltr'><em>ἐκείνῳ</em></span> <span class='ocrx_word' id='word_1_31' title='bbox 418 791 473 858; x_wconf 83' lang='grc' dir='ltr'>τόν</span> <span class='ocrx_word' id='word_1_32' title='bbox 496 786 658 874; x_wconf 79' lang='grc' dir='ltr'><em>βασιλειαν</em></span> <span class='ocrx_word' id='word_1_33' title='bbox 678 784 787 870; x_wconf 88' lang='grc' dir='ltr'><em>ζυγόν,</em></span> <span class='ocrx_word' id='word_1_34' title='bbox 809 786 869 866; x_wconf 74' lang='grc' dir='ltr'>οὐχ</span> <span class='ocrx_word' id='word_1_35' title='bbox 884 778 965 848; x_wconf 77' lang='lat' dir='ltr'>edors</span> <span class='ocrx_word' id='word_1_36' title='bbox 985 781 1049 867; x_wconf 69' lang='grc' dir='ltr'>μὴν</span> <span class='ocrx_word' id='word_1_37' title='bbox 1071 781 1126 846; x_wconf 86' lang='grc' dir='ltr'>καί</span> <span class='ocrx_word' id='word_1_38' title='bbox 1145 791 1349 867; x_wconf 83' lang='grc' dir='ltr'><em>καταρριπττῖν,</em></span> 
     </span>
     <span class='ocr_line' id='line_1_6' title="bbox 281 881 1366 973; baseline -0.018 -11"><span class='ocrx_word' id='word_1_39' title='bbox 281 894 361 962; x_wconf 88' lang='grc' dir='ltr'><em>οίλλά</em></span> <span class='ocrx_word' id='word_1_40' title='bbox 384 891 439 958; x_wconf 84' lang='grc' dir='ltr'>καί</span> <span class='ocrx_word' id='word_1_41' title='bbox 455 895 592 973; x_wconf 86' lang='grc' dir='ltr'><em>μάλιστα</em></span> <span class='ocrx_word' id='word_1_42' title='bbox 607 884 778 968; x_wconf 81' lang='grc' dir='ltr'><em>όπανίχειν</em></span> <span class='ocrx_word' id='word_1_43' title='bbox 802 887 858 948; x_wconf 84' lang='grc' dir='ltr'>καί</span> <span class='ocrx_word' id='word_1_44' title='bbox 883 881 941 966; x_wconf 78' lang='grc' dir='ltr'>τὴν</span> <span class='ocrx_word' id='word_1_45' title='bbox 961 883 1081 946; x_wconf 79' lang='grc' dir='ltr'><em>ἐκείνου</em></span> <span class='ocrx_word' id='word_1_46' title='bbox 1101 883 1366 966; x_wconf 60' lang='lat' dir='ltr'>responsiorum-s</span> 
     </span>
     <span class='ocr_line' id='line_1_7' title="bbox 279 979 1351 1080; baseline -0.015 -21"><span class='ocrx_word' id='word_1_47' title='bbox 279 995 414 1080; x_wconf 76' lang='grc' dir='ltr'><em>κρότητα</em></span> <span class='ocrx_word' id='word_1_48' title='bbox 436 992 582 1076; x_wconf 82' lang='grc' dir='ltr'><em>κοινωνίρι</em></span> <span class='ocrx_word' id='word_1_49' title='bbox 601 989 661 1063; x_wconf 83' lang='grc' dir='ltr'>μὲν</span> <span class='ocrx_word' id='word_1_50' title='bbox 675 983 765 1062; x_wconf 83' lang='grc' dir='ltr'><em>α’ξίας</em></span> <span class='ocrx_word' id='word_1_51' title='bbox 785 986 872 1064; x_wconf 81' lang='grc' dir='ltr'><em>μιᾶς,</em></span> <span class='ocrx_word' id='word_1_52' title='bbox 901 983 1045 1070; x_wconf 69' lang='grc' dir='ltr'><em>ὑπεροχῇ</em></span> <span class='ocrx_word' id='word_1_53' title='bbox 1067 983 1102 1046; x_wconf 84' lang='grc' dir='ltr'>δὲ</span> <span class='ocrx_word' id='word_1_54' title='bbox 1117 979 1219 1047; x_wconf 85' lang='grc' dir='ltr'><em>κόπων</em></span> <span class='ocrx_word' id='word_1_55' title='bbox 1238 981 1289 1074; x_wconf 84' lang='grc' dir='ltr'>καί</span> <span class='ocrx_word' id='word_1_56' title='bbox 1304 979 1351 1044; x_wconf 86' lang='grc' dir='ltr'>πό-</span> 
     </span>
     <span class='ocr_line' id='line_1_8' title="bbox 279 1074 1351 1172; baseline -0.015 -14"><span class='ocrx_word' id='word_1_57' title='bbox 279 1117 352 1172; x_wconf 84' lang='grc' dir='ltr'><em>νων,</em></span> <span class='ocrx_word' id='word_1_58' title='bbox 374 1085 421 1166; x_wconf 82' lang='grc' dir='ltr'>οἷς</span> <span class='ocrx_word' id='word_1_59' title='bbox 457 1087 474 1151; x_wconf 87' lang='grc' dir='ltr'><em>δ</em></span> <span class='ocrx_word' id='word_1_60' title='bbox 506 1082 706 1169; x_wconf 78' lang='grc' dir='ltr'><em>Ἀνδρόνικος</em></span> <span class='ocrx_word' id='word_1_61' title='bbox 722 1082 843 1148; x_wconf 78' lang='grc' dir='ltr'><strong><em>εἴθιστο</em></strong></span> <span class='ocrx_word' id='word_1_62' title='bbox 873 1074 984 1166; x_wconf 58' lang='lat' dir='ltr'>ridden,</span> <span class='ocrx_word' id='word_1_63' title='bbox 1007 1079 1219 1157; x_wconf 78' lang='grc' dir='ltr'><em>πολυπλάνοις</em></span> <span class='ocrx_word' id='word_1_64' title='bbox 1238 1079 1351 1156; x_wconf 81' lang='grc' dir='ltr'><em>πλάναις</em></span> 
     </span>
     <span class='ocr_line' id='line_1_9' title="bbox 280 1176 1352 1268; baseline -0.011 -12"><span class='ocrx_word' id='word_1_65' title='bbox 280 1187 356 1257; x_wconf 89' lang='grc' dir='ltr'><em>κατά</em></span> <span class='ocrx_word' id='word_1_66' title='bbox 387 1189 443 1254; x_wconf 83' lang='grc' dir='ltr'>τόν</span> <span class='ocrx_word' id='word_1_67' title='bbox 479 1185 606 1254; x_wconf 83' lang='grc' dir='ltr'><em>εἰπόντα</em></span> <span class='ocrx_word' id='word_1_68' title='bbox 630 1185 901 1268; x_wconf 74' lang='grc' dir='ltr'><em>γεγυμνασμένος,</em></span> <span class='ocrx_word' id='word_1_69' title='bbox 921 1176 1051 1264; x_wconf 79' lang='grc' dir='ltr'><em>ἤγειραν</em></span> <span class='ocrx_word' id='word_1_70' title='bbox 1074 1179 1131 1244; x_wconf 82' lang='grc' dir='ltr'>οδκ</span> <span class='ocrx_word' id='word_1_71' title='bbox 1150 1181 1272 1262; x_wconf 87' lang='grc' dir='ltr'><em>σ’λίγους</em></span> <span class='ocrx_word' id='word_1_72' title='bbox 1290 1181 1352 1246; x_wconf 77' lang='grc' dir='ltr'><em>ἂνα-</em></span> 
     </span>
     <span class='ocr_line' id='line_1_10' title="bbox 168 1281 1351 1375; baseline -0.012 -18"><span class='ocrx_word' id='word_1_73' title='bbox 168 1328 176 1343; x_wconf 89' lang='grc'><em>·</em></span> <span class='ocrx_word' id='word_1_74' title='bbox 278 1293 447 1375; x_wconf 73' lang='grc' dir='ltr'><em>πεισθῆναι</em></span> <span class='ocrx_word' id='word_1_75' title='bbox 480 1287 586 1371; x_wconf 78' lang='grc' dir='ltr'><em>ὀρθῶς</em></span> <span class='ocrx_word' id='word_1_76' title='bbox 619 1281 744 1348; x_wconf 82' lang='grc' dir='ltr'><em>α’κοόειν</em></span> <span class='ocrx_word' id='word_1_77' title='bbox 773 1285 828 1345; x_wconf 85' lang='grc' dir='ltr'>καί</span> <span class='ocrx_word' id='word_1_78' title='bbox 856 1283 1134 1365; x_wconf 72' lang='grc' dir='ltr'><em>διαθερμανθῆναι</em></span> <span class='ocrx_word' id='word_1_79' title='bbox 1162 1282 1207 1356; x_wconf 83' lang='grc' dir='ltr'>τίς</span> <span class='ocrx_word' id='word_1_80' title='bbox 1229 1282 1351 1356; x_wconf 83' lang='grc' dir='ltr'><em>ἐξάνυοιν</em></span> 
     </span>
     <span class='ocr_line' id='line_1_11' title="bbox 279 1375 1378 1470; baseline -0.01 -17"><span class='ocrx_word' id='word_1_81' title='bbox 279 1393 338 1453; x_wconf 73' lang='grc' dir='ltr'>τοῦ</span> <span class='ocrx_word' id='word_1_82' title='bbox 356 1388 528 1470; x_wconf 81' lang='grc' dir='ltr'><em>συνάρχειν</em></span> <span class='ocrx_word' id='word_1_83' title='bbox 547 1385 718 1464; x_wconf 76' lang='grc' dir='ltr'><em>βασιλικῶς</em></span> <span class='ocrx_word' id='word_1_84' title='bbox 737 1380 793 1445; x_wconf 86' lang='grc' dir='ltr'>τόν</span> <span class='ocrx_word' id='word_1_85' title='bbox 813 1403 846 1444; x_wconf 82' lang='grc' dir='ltr'>το</span> <span class='ocrx_word' id='word_1_86' title='bbox 878 1375 1017 1456; x_wconf 71' lang='grc' dir='ltr'><em>Ἀλέξων</em></span> <span class='ocrx_word' id='word_1_87' title='bbox 1038 1378 1095 1444; x_wconf 72' lang='grc' dir='ltr'>τόν,</span> <span class='ocrx_word' id='word_1_88' title='bbox 1111 1401 1143 1442; x_wconf 85' lang='grc' dir='ltr'>τε</span> <span class='ocrx_word' id='word_1_89' title='bbox 1163 1377 1378 1462; x_wconf 77' lang='grc' dir='ltr'><em>Ἀνδρόνικικμ</em></span> 
     </span>
     <span class='ocr_line' id='line_1_12' title="bbox 278 1476 1350 1571; baseline -0.01 -20"><span class='ocrx_word' id='word_1_90' title='bbox 278 1491 332 1551; x_wconf 88' lang='grc' dir='ltr'>καί</span> <span class='ocrx_word' id='word_1_91' title='bbox 352 1484 408 1571; x_wconf 64' lang='grc' dir='ltr'>τήν</span> <span class='ocrx_word' id='word_1_92' title='bbox 438 1483 543 1568; x_wconf 79' lang='grc' dir='ltr'><em>α’ρχὴν</em></span> <span class='ocrx_word' id='word_1_93' title='bbox 570 1485 629 1564; x_wconf 84' lang='grc' dir='ltr'>μὲν</span> <span class='ocrx_word' id='word_1_94' title='bbox 649 1481 899 1564; x_wconf 77' lang='grc' dir='ltr'><em>ὑπτψιθυρίζιτο</em></span> <span class='ocrx_word' id='word_1_95' title='bbox 931 1478 1035 1564; x_wconf 81' lang='grc' dir='ltr'><em>η’ρέμσ</em></span> <span class='ocrx_word' id='word_1_96' title='bbox 1056 1476 1090 1544; x_wconf 90' lang='grc' dir='ltr'>τό</span> <span class='ocrx_word' id='word_1_97' title='bbox 1113 1481 1268 1564; x_wconf 83' lang='grc' dir='ltr'><em>σόφισμα,</em></span> <span class='ocrx_word' id='word_1_98' title='bbox 1286 1477 1350 1560; x_wconf 79' lang='lat' dir='ltr'>perd</span> 
     </span>
     <span class='ocr_line' id='line_1_13' title="bbox 278 1575 1353 1666; baseline -0.013 -15"><span class='ocrx_word' id='word_1_99' title='bbox 278 1589 312 1651; x_wconf 80' lang='lat' dir='ltr'>di</span> <span class='ocrx_word' id='word_1_100' title='bbox 333 1590 492 1664; x_wconf 81' lang='grc' dir='ltr'><em>ἑλαλεῖτο,</em></span> <span class='ocrx_word' id='word_1_101' title='bbox 522 1579 636 1666; x_wconf 85' lang='grc' dir='ltr'><em>μικρόν</em></span> <span class='ocrx_word' id='word_1_102' title='bbox 660 1583 695 1644; x_wconf 80' lang='grc' dir='ltr'>δὲ</span> <span class='ocrx_word' id='word_1_103' title='bbox 719 1577 794 1644; x_wconf 76' lang='grc' dir='ltr'><em>ὅσον</em></span> <span class='ocrx_word' id='word_1_104' title='bbox 822 1581 877 1642; x_wconf 85' lang='grc' dir='ltr'>καί</span> <span class='ocrx_word' id='word_1_105' title='bbox 894 1579 1040 1660; x_wconf 78' lang='grc' dir='ltr'><em>ἐξεβαοῖτο</em></span> <span class='ocrx_word' id='word_1_106' title='bbox 1062 1583 1274 1664; x_wconf 80' lang='grc' dir='ltr'><em>τρανέαττρον.</em></span> <span class='ocrx_word' id='word_1_107' title='bbox 1311 1575 1353 1638; x_wconf 85' lang='grc' dir='ltr'>καί</span> 
     </span>
     <span class='ocr_line' id='line_1_14' title="bbox 277 1673 1353 1768; baseline -0.01 -18"><span class='ocrx_word' id='word_1_108' title='bbox 277 1685 342 1754; x_wconf 73' lang='grc' dir='ltr'><em>ἔδει</em></span> <span class='ocrx_word' id='word_1_109' title='bbox 364 1681 473 1748; x_wconf 88' lang='grc' dir='ltr'><em>λοιπόν</em></span> <span class='ocrx_word' id='word_1_110' title='bbox 493 1683 644 1768; x_wconf 75' lang='grc' dir='ltr'><em>ἐμφανῶς</em></span> <span class='ocrx_word' id='word_1_111' title='bbox 665 1682 885 1766; x_wconf 76' lang='grc' dir='ltr'><em>προκληθῆναι</em></span> <span class='ocrx_word' id='word_1_112' title='bbox 907 1678 952 1753; x_wconf 85' lang='grc' dir='ltr'>είς</span> <span class='ocrx_word' id='word_1_113' title='bbox 971 1675 1029 1759; x_wconf 73' lang='grc' dir='ltr'>τὴν</span> <span class='ocrx_word' id='word_1_114' title='bbox 1050 1675 1155 1762; x_wconf 74' lang='grc' dir='ltr'><em>α’ρχῆυ</em></span> <span class='ocrx_word' id='word_1_115' title='bbox 1172 1677 1227 1744; x_wconf 86' lang='grc' dir='ltr'>τόν</span> <span class='ocrx_word' id='word_1_116' title='bbox 1240 1673 1353 1757; x_wconf 83' lang='grc' dir='ltr'><em>Ἀνδρό-</em></span> 
     </span>
     <span class='ocr_line' id='line_1_15' title="bbox 278 1771 1353 1870; baseline -0.01 -21"><span class='ocrx_word' id='word_1_117' title='bbox 278 1809 382 1870; x_wconf 79' lang='grc' dir='ltr'><em>νικον,</em></span> <span class='ocrx_word' id='word_1_118' title='bbox 414 1771 469 1848; x_wconf 87' lang='grc' dir='ltr'>καί</span> <span class='ocrx_word' id='word_1_119' title='bbox 490 1786 521 1848; x_wconf 82' lang='grc' dir='ltr'>τί</span> <span class='ocrx_word' id='word_1_120' title='bbox 540 1781 584 1865; x_wconf 70' lang='grc' dir='ltr'>μὴ</span> <span class='ocrx_word' id='word_1_121' title='bbox 608 1785 761 1860; x_wconf 82' lang='grc' dir='ltr'><em>πείθοιτο,</em></span> <span class='ocrx_word' id='word_1_122' title='bbox 788 1776 868 1844; x_wconf 67' lang='lat' dir='ltr'>stit</span> <span class='ocrx_word' id='word_1_123' title='bbox 896 1777 968 1842; x_wconf 80' lang='grc' dir='ltr'><em>τότε</em></span> <span class='ocrx_word' id='word_1_124' title='bbox 991 1778 1243 1862; x_wconf 77' lang='grc' dir='ltr'><em>δυσωπηθῆναι·</em></span> <span class='ocrx_word' id='word_1_125' title='bbox 1284 1779 1311 1841; x_wconf 84' lang='lat' dir='ltr'>si</span> <span class='ocrx_word' id='word_1_126' title='bbox 1326 1779 1353 1839; x_wconf 84' lang='grc' dir='ltr'>δὲ</span> 
     </span>
     <span class='ocr_line' id='line_1_16' title="bbox 277 1876 1379 1969; baseline -0.005 -21"><span class='ocrx_word' id='word_1_127' title='bbox 277 1888 358 1969; x_wconf 71' lang='grc' dir='ltr'><em>μηδὲ</em></span> <span class='ocrx_word' id='word_1_128' title='bbox 388 1879 471 1948; x_wconf 73' lang='lat' dir='ltr'>odero</span> <span class='ocrx_word' id='word_1_129' title='bbox 496 1883 710 1946; x_wconf 80' lang='grc' dir='ltr'><em>κατακλίνοιτο</em></span> <span class='ocrx_word' id='word_1_130' title='bbox 738 1876 856 1952; x_wconf 72' lang='grc' dir='ltr'><em>άτενοῖς</em></span> <span class='ocrx_word' id='word_1_131' title='bbox 875 1876 959 1962; x_wconf 82' lang='grc' dir='ltr'><em>ἔχων</em></span> <span class='ocrx_word' id='word_1_132' title='bbox 967 1927 977 1958; x_wconf 91' lang='grc'><em>,</em></span> <span class='ocrx_word' id='word_1_133' title='bbox 998 1881 1192 1961; x_wconf 77' lang='grc' dir='ltr'><em>πειραθῆναι</em></span> <span class='ocrx_word' id='word_1_134' title='bbox 1215 1881 1269 1944; x_wconf 86' lang='grc' dir='ltr'>καί</span> <span class='ocrx_word' id='word_1_135' title='bbox 1285 1883 1379 1961; x_wconf 72' lang='grc' dir='ltr'><em>βίαςβί</em></span> 
     </span>
     <span class='ocr_line' id='line_1_17' title="bbox 276 1973 1352 2066; baseline -0.008 -18"><span class='ocrx_word' id='word_1_136' title='bbox 276 1985 332 2049; x_wconf 89' lang='grc' dir='ltr'>καί</span> <span class='ocrx_word' id='word_1_137' title='bbox 353 1979 481 2048; x_wconf 88' lang='grc' dir='ltr'><em>κάλλιόν</em></span> <span class='ocrx_word' id='word_1_138' title='bbox 502 2003 600 2066; x_wconf 84' lang='grc' dir='ltr'><em>φασιν</em></span> <span class='ocrx_word' id='word_1_139' title='bbox 625 1973 662 2042; x_wconf 83' lang='grc' dir='ltr'><em>δυ</em></span> <span class='ocrx_word' id='word_1_140' title='bbox 682 1982 798 2044; x_wconf 81' lang='grc' dir='ltr'><em>παθεῖν</em></span> <span class='ocrx_word' id='word_1_141' title='bbox 827 1982 943 2044; x_wconf 72' lang='grc' dir='ltr'><em>ἐκεῖνον</em></span> <span class='ocrx_word' id='word_1_142' title='bbox 965 1975 984 2041; x_wconf 82' lang='grc' dir='ltr'><em>ό</em></span> <span class='ocrx_word' id='word_1_143' title='bbox 1004 1976 1048 2060; x_wconf 75' lang='grc' dir='ltr'>μὴ</span> <span class='ocrx_word' id='word_1_144' title='bbox 1071 1976 1234 2060; x_wconf 80' lang='grc' dir='ltr'><em>βσόλεταο,</em></span> <span class='ocrx_word' id='word_1_145' title='bbox 1253 1975 1286 2044; x_wconf 83' lang='grc' dir='ltr'>τό</span> <span class='ocrx_word' id='word_1_146' title='bbox 1304 1981 1352 2059; x_wconf 89' lang='grc' dir='ltr'>βα-</span> 
     </span>
     <span class='ocr_line' id='line_1_18' title="bbox 275 2072 1354 2166; baseline -0.008 -17"><span class='ocrx_word' id='word_1_147' title='bbox 275 2087 423 2149; x_wconf 73' lang='grc' dir='ltr'><em>σιλεῦσαι</em></span> <span class='ocrx_word' id='word_1_148' title='bbox 449 2079 585 2166; x_wconf 73' lang='grc' dir='ltr'><em>δηλαδή,</em></span> <span class='ocrx_word' id='word_1_149' title='bbox 615 2072 694 2163; x_wconf 79' lang='grc' dir='ltr'><em>ἤπερ</em></span> <span class='ocrx_word' id='word_1_150' title='bbox 723 2080 887 2156; x_wconf 78' lang='grc' dir='ltr'><em>ἐξολέσθαι</em></span> <span class='ocrx_word' id='word_1_151' title='bbox 916 2076 954 2144; x_wconf 82' lang='grc' dir='ltr'>τά</span> <span class='ocrx_word' id='word_1_152' title='bbox 978 2076 1123 2159; x_wconf 89' lang='grc' dir='ltr'><em>κοσμικά.</em></span> <span class='ocrx_word' id='word_1_153' title='bbox 1174 2077 1230 2142; x_wconf 85' lang='grc' dir='ltr'>καί</span> <span class='ocrx_word' id='word_1_154' title='bbox 1246 2075 1354 2162; x_wconf 77' lang='grc' dir='ltr'><em>ἑταιρί-</em></span> 
     </span>
     <span class='ocr_line' id='line_1_19' title="bbox 277 2178 1354 2263; baseline -0.006 -17"><span class='ocrx_word' id='word_1_155' title='bbox 277 2186 383 2263; x_wconf 82' lang='grc' dir='ltr'><em>ζονται</em></span> <span class='ocrx_word' id='word_1_156' title='bbox 411 2181 468 2262; x_wconf 80' lang='grc' dir='ltr'>μὲν</span> <span class='ocrx_word' id='word_1_157' title='bbox 497 2181 541 2253; x_wconf 78' lang='grc' dir='ltr'>τίς</span> <span class='ocrx_word' id='word_1_158' title='bbox 562 2180 651 2243; x_wconf 77' lang='grc' dir='ltr'><em>τοῦτο</em></span> <span class='ocrx_word' id='word_1_159' title='bbox 683 2179 795 2242; x_wconf 83' lang='grc' dir='ltr'><em>πολλοί</em></span> <span class='ocrx_word' id='word_1_160' title='bbox 822 2179 885 2243; x_wconf 73' lang='grc' dir='ltr'><em>ταῖν</em></span> <span class='ocrx_word' id='word_1_161' title='bbox 911 2181 969 2241; x_wconf 82' lang='grc' dir='ltr'>τοῦ</span> <span class='ocrx_word' id='word_1_162' title='bbox 998 2180 1093 2256; x_wconf 75' lang='grc' dir='ltr'><em>λαοῦ,</em></span> <span class='ocrx_word' id='word_1_163' title='bbox 1114 2181 1309 2262; x_wconf 81' lang='grc' dir='ltr'><em>συνεπιρρέιι</em></span> <span class='ocrx_word' id='word_1_164' title='bbox 1327 2178 1354 2240; x_wconf 80' lang='grc' dir='ltr'>δὲ</span> 
     </span>
     <span class='ocr_line' id='line_1_20' title="bbox 275 2273 1353 2370; baseline -0.008 -23"><span class='ocrx_word' id='word_1_165' title='bbox 275 2283 319 2370; x_wconf 75' lang='grc' dir='ltr'>τῷ</span> <span class='ocrx_word' id='word_1_166' title='bbox 342 2283 478 2346; x_wconf 77' lang='grc' dir='ltr'><em>κλύδωνι</em></span> <span class='ocrx_word' id='word_1_167' title='bbox 500 2277 601 2366; x_wconf 77' lang='grc' dir='ltr'><em>τούτῳ</em></span> <span class='ocrx_word' id='word_1_168' title='bbox 627 2282 681 2356; x_wconf 71' lang='grc' dir='ltr'>καί</span> <span class='ocrx_word' id='word_1_169' title='bbox 701 2273 857 2360; x_wconf 83' lang='grc' dir='ltr'><em>α’πόρροιά</em></span> <span class='ocrx_word' id='word_1_170' title='bbox 877 2301 924 2352; x_wconf 87' lang='grc' dir='ltr'>τις</span> <span class='ocrx_word' id='word_1_171' title='bbox 953 2280 1017 2341; x_wconf 71' lang='grc' dir='ltr'><em>τοῖν</em></span> <span class='ocrx_word' id='word_1_172' title='bbox 1045 2282 1102 2360; x_wconf 86' lang='grc' dir='ltr'>τῆς</span> <span class='ocrx_word' id='word_1_173' title='bbox 1123 2275 1306 2362; x_wconf 80' lang='grc' dir='ltr'><em>συγκλήτου,</em></span> <span class='ocrx_word' id='word_1_174' title='bbox 1323 2275 1353 2338; x_wconf 83' lang='grc' dir='ltr'><em>ου’</em></span> 
     </span>
     <span class='ocr_line' id='line_1_21' title="bbox 275 2373 1381 2464; baseline -0.005 -18"><span class='ocrx_word' id='word_1_175' title='bbox 275 2377 374 2464; x_wconf 73' lang='grc' dir='ltr'><em>πολλὴ</em></span> <span class='ocrx_word' id='word_1_176' title='bbox 402 2381 479 2460; x_wconf 79' lang='grc' dir='ltr'><em>μέν,</em></span> <span class='ocrx_word' id='word_1_177' title='bbox 505 2381 671 2462; x_wconf 77' lang='grc' dir='ltr'><em>ἐπίρρητος</em></span> <span class='ocrx_word' id='word_1_178' title='bbox 692 2379 726 2441; x_wconf 82' lang='grc' dir='ltr'>δὲ</span> <span class='ocrx_word' id='word_1_179' title='bbox 749 2381 805 2442; x_wconf 88' lang='grc' dir='ltr'>καί</span> <span class='ocrx_word' id='word_1_180' title='bbox 833 2373 924 2442; x_wconf 80' lang='grc' dir='ltr'><em>τοῦτό</em></span> <span class='ocrx_word' id='word_1_181' title='bbox 945 2401 979 2458; x_wconf 81' lang='grc' dir='ltr'>γε</span> <span class='ocrx_word' id='word_1_182' title='bbox 1002 2373 1078 2460; x_wconf 77' lang='grc' dir='ltr'><em>ἡμῖν</em></span> <span class='ocrx_word' id='word_1_183' title='bbox 1099 2376 1283 2462; x_wconf 82' lang='grc' dir='ltr'><em>α’πόρρητος.</em></span> <span class='ocrx_word' id='word_1_184' title='bbox 1324 2378 1381 2442; x_wconf 78' lang='lat' dir='ltr'>niti</span> 
     </span>
     <span class='ocr_line' id='line_1_22' title="bbox 274 2472 1353 2565; baseline -0.006 -20"><span class='ocrx_word' id='word_1_185' title='bbox 274 2477 336 2565; x_wconf 82' lang='grc' dir='ltr'>γάρ</span> <span class='ocrx_word' id='word_1_186' title='bbox 359 2481 465 2554; x_wconf 69' lang='lat' dir='ltr'>sinitis</span> <span class='ocrx_word' id='word_1_187' title='bbox 484 2474 669 2565; x_wconf 82' lang='grc' dir='ltr'><em>άφονσιοότο</em></span> <span class='ocrx_word' id='word_1_188' title='bbox 690 2472 771 2561; x_wconf 73' lang='grc' dir='ltr'><em>αὕτη</em></span> <span class='ocrx_word' id='word_1_189' title='bbox 791 2475 849 2562; x_wconf 73' lang='grc' dir='ltr'>τὴν</span> <span class='ocrx_word' id='word_1_190' title='bbox 870 2475 948 2542; x_wconf 86' lang='grc' dir='ltr'><em>κατά</em></span> <span class='ocrx_word' id='word_1_191' title='bbox 978 2482 1035 2540; x_wconf 83' lang='grc' dir='ltr'>τοῦ</span> <span class='ocrx_word' id='word_1_192' title='bbox 1054 2481 1210 2558; x_wconf 78' lang='grc' dir='ltr'><em>βασιλέως</em></span> <span class='ocrx_word' id='word_1_193' title='bbox 1232 2477 1353 2557; x_wconf 79' lang='grc' dir='ltr'><em>Ἀλεξίου</em></span> 
     </span>
     <span class='ocr_line' id='line_1_23' title="bbox 278 2576 1354 2665; baseline -0.005 -22"><span class='ocrx_word' id='word_1_194' title='bbox 278 2582 458 2665; x_wconf 82' lang='grc' dir='ltr'><em>νεωτέρισιν</em></span> <span class='ocrx_word' id='word_1_195' title='bbox 486 2576 564 2643; x_wconf 84' lang='grc' dir='ltr'><em>κατά</em></span> <span class='ocrx_word' id='word_1_196' title='bbox 592 2576 687 2660; x_wconf 80' lang='grc' dir='ltr'><em>χάριν</em></span> <span class='ocrx_word' id='word_1_197' title='bbox 707 2576 927 2660; x_wconf 85' lang='grc' dir='ltr'><em>Ἀνδρονίκου,</em></span> <span class='ocrx_word' id='word_1_198' title='bbox 951 2577 1022 2640; x_wconf 76' lang='grc' dir='ltr'><em>ἀλλ’</em></span> <span class='ocrx_word' id='word_1_199' title='bbox 1042 2576 1118 2642; x_wconf 74' lang='grc' dir='ltr'><em>ὡσεί</em></span> <span class='ocrx_word' id='word_1_200' title='bbox 1138 2583 1192 2643; x_wconf 82' lang='grc' dir='ltr'>καί</span> <span class='ocrx_word' id='word_1_201' title='bbox 1211 2585 1354 2664; x_wconf 70' lang='grc' dir='ltr'><em>μιμηνυία</em></span> 
     </span>
     <span class='ocr_line' id='line_1_24' title="bbox 278 2674 1191 2763; baseline -0.004 -19"><span class='ocrx_word' id='word_1_202' title='bbox 278 2678 437 2763; x_wconf 72' lang='grc' dir='ltr'><em>βυσσόθεν</em></span> <span class='ocrx_word' id='word_1_203' title='bbox 457 2681 588 2744; x_wconf 80' lang='grc' dir='ltr'><em>ἐκυκᾶτο</em></span> <span class='ocrx_word' id='word_1_204' title='bbox 610 2675 666 2742; x_wconf 87' lang='grc' dir='ltr'>καί</span> <span class='ocrx_word' id='word_1_205' title='bbox 683 2674 740 2740; x_wconf 86' lang='grc' dir='ltr'>τόν</span> <span class='ocrx_word' id='word_1_206' title='bbox 762 2678 957 2760; x_wconf 83' lang='grc' dir='ltr'><em>Ἀνδρόνικον</em></span> <span class='ocrx_word' id='word_1_207' title='bbox 978 2679 1191 2758; x_wconf 81' lang='grc' dir='ltr'><em>συνεξίμαιντ.</em></span> 
     </span>
    </p>
   </div>
   <div class='ocr_carea' id='block_1_3' title="bbox 190 2923 1401 4260">
    <p class='ocr_par' dir='ltr' id='par_1_3' title="bbox 278 2923 1401 3491">
     <span class='ocr_line' id='line_1_25' title="bbox 278 2923 1354 2994; baseline -0.006 -17"><span class='ocrx_word' id='word_1_208' title='bbox 278 2934 344 2988; x_wconf 88' lang='lat' dir='ltr'>tum,</span> <span class='ocrx_word' id='word_1_209' title='bbox 361 2925 414 2976; x_wconf 83' lang='lat' dir='ltr'>uisi</span> <span class='ocrx_word' id='word_1_210' title='bbox 432 2941 514 2994; x_wconf 77' lang='lat' dir='ltr'>parvo</span> <span class='ocrx_word' id='word_1_211' title='bbox 534 2932 562 2976; x_wconf 91' lang='lat' dir='ltr'>et</span> <span class='ocrx_word' id='word_1_212' title='bbox 580 2924 707 2993; x_wconf 89' lang='lat' dir='ltr'>imperito</span> <span class='ocrx_word' id='word_1_213' title='bbox 726 2924 821 2976; x_wconf 82' lang='lat' dir='ltr'>Alexio</span> <span class='ocrx_word' id='word_1_214' title='bbox 840 2924 944 2993; x_wconf 88' lang='lat' dir='ltr'>imperii</span> <span class='ocrx_word' id='word_1_215' title='bbox 963 2924 1063 2976; x_wconf 83' lang='lat' dir='ltr'>socium</span> <span class='ocrx_word' id='word_1_216' title='bbox 1081 2923 1214 2976; x_wconf 79' lang='lat' dir='ltr'>adderent</span> <span class='ocrx_word' id='word_1_217' title='bbox 1233 2923 1354 2975; x_wconf 85' lang='lat' dir='ltr'>Androni-</span> 
     </span>
     <span class='ocr_line' id='line_1_26' title="bbox 279 2991 1355 3059; baseline -0.006 -12"><span class='ocrx_word' id='word_1_218' title='bbox 279 3013 347 3059; x_wconf 82' lang='lat' dir='ltr'>cum,</span> <span class='ocrx_word' id='word_1_219' title='bbox 365 2996 451 3047; x_wconf 83' lang='lat' dir='ltr'>virum</span> <span class='ocrx_word' id='word_1_220' title='bbox 472 3012 562 3046; x_wconf 86' lang='lat' dir='ltr'>esrum</span> <span class='ocrx_word' id='word_1_221' title='bbox 576 2997 673 3046; x_wconf 81' lang='lat' dir='ltr'>artium</span> <span class='ocrx_word' id='word_1_222' title='bbox 686 2995 901 3058; x_wconf 75' lang='lat' dir='ltr'>scientissimum,</span> <span class='ocrx_word' id='word_1_223' title='bbox 920 3004 948 3047; x_wconf 89' lang='lat' dir='ltr'>et</span> <span class='ocrx_word' id='word_1_224' title='bbox 961 2995 1086 3046; x_wconf 88' lang='lat' dir='ltr'>idoneum</span> <span class='ocrx_word' id='word_1_225' title='bbox 1106 2991 1219 3046; x_wconf 84' lang='lat' dir='ltr'>fere&#39;ndo</span> <span class='ocrx_word' id='word_1_226' title='bbox 1237 3011 1296 3046; x_wconf 83' lang='lat' dir='ltr'>eum</span> <span class='ocrx_word' id='word_1_227' title='bbox 1316 2993 1355 3044; x_wconf 89' lang='lat' dir='ltr'>iiio</span> 
     </span>
     <span class='ocr_line' id='line_1_27' title="bbox 280 3065 1355 3136; baseline -0.005 -18"><span class='ocrx_word' id='word_1_228' title='bbox 280 3068 342 3136; x_wconf 82' lang='lat' dir='ltr'>iugo</span> <span class='ocrx_word' id='word_1_229' title='bbox 364 3067 480 3135; x_wconf 87' lang='lat' dir='ltr'>imperii,</span> <span class='ocrx_word' id='word_1_230' title='bbox 499 3083 554 3118; x_wconf 87' lang='lat' dir='ltr'>non</span> <span class='ocrx_word' id='word_1_231' title='bbox 574 3069 627 3129; x_wconf 86' lang='lat' dir='ltr'>ita,</span> <span class='ocrx_word' id='word_1_232' title='bbox 653 3075 683 3119; x_wconf 89' lang='lat' dir='ltr'>ut</span> <span class='ocrx_word' id='word_1_233' title='bbox 701 3066 833 3119; x_wconf 87' lang='lat' dir='ltr'>deiiceret</span> <span class='ocrx_word' id='word_1_234' title='bbox 850 3065 880 3118; x_wconf 88' lang='lat' dir='ltr'>id</span> <span class='ocrx_word' id='word_1_235' title='bbox 898 3083 974 3130; x_wconf 86' lang='lat' dir='ltr'>onus,</span> <span class='ocrx_word' id='word_1_236' title='bbox 995 3065 1042 3116; x_wconf 90' lang='lat' dir='ltr'>sed</span> <span class='ocrx_word' id='word_1_237' title='bbox 1061 3067 1206 3118; x_wconf 74' lang='lat' dir='ltr'>sustineret</span> <span class='ocrx_word' id='word_1_238' title='bbox 1225 3069 1355 3134; x_wconf 78' lang='lat' dir='ltr'>praeclare,</span> 
     </span>
     <span class='ocr_line' id='line_1_28' title="bbox 280 3134 1356 3206; baseline -0.006 -16"><span class='ocrx_word' id='word_1_239' title='bbox 280 3146 309 3190; x_wconf 87' lang='lat' dir='ltr'>et</span> <span class='ocrx_word' id='word_1_240' title='bbox 328 3139 514 3190; x_wconf 73' lang='lat' dir='ltr'>auctoritatem</span> <span class='ocrx_word' id='word_1_241' title='bbox 534 3137 646 3190; x_wconf 88' lang='lat' dir='ltr'>adderet</span> <span class='ocrx_word' id='word_1_242' title='bbox 657 3139 731 3189; x_wconf 86' lang='lat' dir='ltr'>illius</span> <span class='ocrx_word' id='word_1_243' title='bbox 744 3137 886 3206; x_wconf 81' lang='lat' dir='ltr'>exiguitati</span> <span class='ocrx_word' id='word_1_244' title='bbox 905 3146 962 3190; x_wconf 89' lang='lat' dir='ltr'>tum</span> <span class='ocrx_word' id='word_1_245' title='bbox 980 3137 1099 3188; x_wconf 87' lang='lat' dir='ltr'>eiusdem</span> <span class='ocrx_word' id='word_1_246' title='bbox 1118 3139 1305 3188; x_wconf 86' lang='lat' dir='ltr'>cummunione</span> <span class='ocrx_word' id='word_1_247' title='bbox 1321 3134 1356 3184; x_wconf 90' lang='lat' dir='ltr'>di·</span> 
     </span>
     <span class='ocr_line' id='line_1_29' title="bbox 280 3207 1356 3279; baseline -0.007 -19"><span class='ocrx_word' id='word_1_248' title='bbox 280 3211 399 3279; x_wconf 77' lang='lat' dir='ltr'>gnitatis,</span> <span class='ocrx_word' id='word_1_249' title='bbox 417 3218 473 3261; x_wconf 83' lang='lat' dir='ltr'>tuni</span> <span class='ocrx_word' id='word_1_250' title='bbox 493 3209 652 3260; x_wconf 80' lang='lat' dir='ltr'>defensione</span> <span class='ocrx_word' id='word_1_251' title='bbox 670 3225 855 3260; x_wconf 79' lang='lat' dir='ltr'>aerumnarum</span> <span class='ocrx_word' id='word_1_252' title='bbox 869 3217 897 3260; x_wconf 90' lang='lat' dir='ltr'>et</span> <span class='ocrx_word' id='word_1_253' title='bbox 909 3209 1040 3271; x_wconf 83' lang='lat' dir='ltr'>laborum,</span> <span class='ocrx_word' id='word_1_254' title='bbox 1061 3208 1160 3277; x_wconf 88' lang='lat' dir='ltr'>quibus</span> <span class='ocrx_word' id='word_1_255' title='bbox 1171 3207 1205 3258; x_wconf 90' lang='lat' dir='ltr'>ad</span> <span class='ocrx_word' id='word_1_256' title='bbox 1219 3211 1356 3260; x_wconf 73' lang='lat' dir='ltr'>sotietatem</span> 
     </span>
     <span class='ocr_line' id='line_1_30' title="bbox 281 3275 1357 3348; baseline -0.007 -16"><span class='ocrx_word' id='word_1_257' title='bbox 281 3287 403 3332; x_wconf 79' lang='lat' dir='ltr'>assuetus</span> <span class='ocrx_word' id='word_1_258' title='bbox 415 3288 492 3342; x_wconf 87' lang='lat' dir='ltr'>esset,</span> <span class='ocrx_word' id='word_1_259' title='bbox 504 3281 576 3348; x_wconf 76' lang='lat' dir='ltr'>vagis</span> <span class='ocrx_word' id='word_1_260' title='bbox 589 3281 711 3342; x_wconf 81' lang='lat' dir='ltr'>iactatus,</span> <span class='ocrx_word' id='word_1_261' title='bbox 725 3288 755 3330; x_wconf 88' lang='lat' dir='ltr'>ut</span> <span class='ocrx_word' id='word_1_262' title='bbox 766 3281 814 3330; x_wconf 87' lang='lat' dir='ltr'>ilie</span> <span class='ocrx_word' id='word_1_263' title='bbox 824 3281 871 3340; x_wconf 88' lang='lat' dir='ltr'>ait,</span> <span class='ocrx_word' id='word_1_264' title='bbox 885 3279 1035 3330; x_wconf 87' lang='lat' dir='ltr'>erroribus:</span> <span class='ocrx_word' id='word_1_265' title='bbox 1049 3281 1116 3330; x_wconf 78' lang='lat' dir='ltr'>telis</span> <span class='ocrx_word' id='word_1_266' title='bbox 1129 3280 1210 3346; x_wconf 80' lang='lat' dir='ltr'>igitur</span> <span class='ocrx_word' id='word_1_267' title='bbox 1223 3275 1357 3330; x_wconf 74' lang='lat' dir='ltr'>dictitando</span> 
     </span>
     <span class='ocr_line' id='line_1_31' title="bbox 283 3347 1357 3420; baseline -0.005 -18"><span class='ocrx_word' id='word_1_268' title='bbox 283 3353 435 3402; x_wconf 81' lang='lat' dir='ltr'>excitarunt</span> <span class='ocrx_word' id='word_1_269' title='bbox 448 3349 519 3401; x_wconf 86' lang='lat' dir='ltr'>baud</span> <span class='ocrx_word' id='word_1_270' title='bbox 539 3367 645 3418; x_wconf 87' lang='lat' dir='ltr'>paucos,</span> <span class='ocrx_word' id='word_1_271' title='bbox 667 3359 697 3401; x_wconf 94' lang='lat' dir='ltr'>ut</span> <span class='ocrx_word' id='word_1_272' title='bbox 714 3367 769 3401; x_wconf 89' lang='lat' dir='ltr'>non</span> <span class='ocrx_word' id='word_1_273' title='bbox 790 3358 896 3419; x_wconf 81' lang='lat' dir='ltr'>gravate</span> <span class='ocrx_word' id='word_1_274' title='bbox 908 3349 977 3400; x_wconf 89' lang='lat' dir='ltr'>iliud</span> <span class='ocrx_word' id='word_1_275' title='bbox 994 3347 1120 3416; x_wconf 73' lang='lat' dir='ltr'>audirent</span> <span class='ocrx_word' id='word_1_276' title='bbox 1132 3347 1310 3420; x_wconf 73' lang='lat' dir='ltr'>sederentque</span> <span class='ocrx_word' id='word_1_277' title='bbox 1321 3364 1357 3396; x_wconf 89' lang='lat' dir='ltr'>cu-</span> 
     </span>
     <span class='ocr_line' id='line_1_32' title="bbox 282 3418 1401 3491; baseline -0.004 -19"><span class='ocrx_word' id='word_1_278' title='bbox 282 3421 398 3490; x_wconf 84' lang='lat' dir='ltr'>piditate</span> <span class='ocrx_word' id='word_1_279' title='bbox 415 3420 551 3490; x_wconf 79' lang='lat' dir='ltr'>partiendi</span> <span class='ocrx_word' id='word_1_280' title='bbox 571 3423 643 3472; x_wconf 89' lang='lat' dir='ltr'>inter</span> <span class='ocrx_word' id='word_1_281' title='bbox 662 3421 844 3472; x_wconf 81' lang='lat' dir='ltr'>Andronicum</span> <span class='ocrx_word' id='word_1_282' title='bbox 868 3429 896 3470; x_wconf 86' lang='lat' dir='ltr'>et</span> <span class='ocrx_word' id='word_1_283' title='bbox 912 3420 1036 3471; x_wconf 83' lang='lat' dir='ltr'>Alexinm</span> <span class='ocrx_word' id='word_1_284' title='bbox 1060 3421 1174 3489; x_wconf 86' lang='lat' dir='ltr'>imperii.</span> <span class='ocrx_word' id='word_1_285' title='bbox 1213 3430 1295 3491; x_wconf 80' lang='lat' dir='ltr'>atque</span> <span class='ocrx_word' id='word_1_286' title='bbox 1312 3418 1356 3469; x_wconf 87' lang='lat' dir='ltr'>ini·</span> <span class='ocrx_word' id='word_1_287' title='bbox 1400 3443 1401 3448; x_wconf 63' lang='lat'><em>=</em></span> 
     </span>
    </p>

    <p class='ocr_par' dir='ltr' id='par_1_4' title="bbox 190 3489 1357 3846">
     <span class='ocr_line' id='line_1_33' title="bbox 190 3489 1357 3561; baseline -0.004 -17"><span class='ocrx_word' id='word_1_288' title='bbox 190 3537 195 3552; x_wconf 85' lang='lat'>,</span> <span class='ocrx_word' id='word_1_289' title='bbox 282 3493 321 3544; x_wconf 90' lang='lat' dir='ltr'>tio</span> <span class='ocrx_word' id='word_1_290' title='bbox 340 3491 449 3561; x_wconf 85' lang='lat' dir='ltr'>quidem</span> <span class='ocrx_word' id='word_1_291' title='bbox 476 3491 649 3543; x_wconf 80' lang='lat' dir='ltr'>susurrabant</span> <span class='ocrx_word' id='word_1_292' title='bbox 674 3492 774 3543; x_wconf 85' lang='lat' dir='ltr'>leniter</span> <span class='ocrx_word' id='word_1_293' title='bbox 793 3489 928 3552; x_wconf 79' lang='lat' dir='ltr'>fraudem,</span> <span class='ocrx_word' id='word_1_294' title='bbox 955 3489 1054 3542; x_wconf 87' lang='lat' dir='ltr'>deinde</span> <span class='ocrx_word' id='word_1_295' title='bbox 1082 3491 1253 3543; x_wconf 87' lang='lat' dir='ltr'>sermonibus</span> <span class='ocrx_word' id='word_1_296' title='bbox 1283 3490 1357 3558; x_wconf 77' lang='lat' dir='ltr'>egitr-</span> 
     </span>
     <span class='ocr_line' id='line_1_34' title="bbox 282 3561 1357 3631; baseline -0.004 -19"><span class='ocrx_word' id='word_1_297' title='bbox 282 3562 357 3623; x_wconf 86' lang='lat' dir='ltr'>bant,</span> <span class='ocrx_word' id='word_1_298' title='bbox 374 3577 436 3612; x_wconf 83' lang='lat' dir='ltr'>mox</span> <span class='ocrx_word' id='word_1_299' title='bbox 455 3570 547 3630; x_wconf 83' lang='lat' dir='ltr'>aperte</span> <span class='ocrx_word' id='word_1_300' title='bbox 564 3561 748 3614; x_wconf 82' lang='lat' dir='ltr'>clamitabant.</span> <span class='ocrx_word' id='word_1_301' title='bbox 785 3561 903 3614; x_wconf 85' lang='lat' dir='ltr'>debebat</span> <span class='ocrx_word' id='word_1_302' title='bbox 919 3562 972 3611; x_wconf 80' lang='lat' dir='ltr'>iem</span> <span class='ocrx_word' id='word_1_303' title='bbox 992 3562 1081 3630; x_wconf 79' lang='lat' dir='ltr'>palam</span> <span class='ocrx_word' id='word_1_304' title='bbox 1101 3561 1136 3612; x_wconf 89' lang='lat' dir='ltr'>ad</span> <span class='ocrx_word' id='word_1_305' title='bbox 1156 3563 1299 3631; x_wconf 86' lang='lat' dir='ltr'>imperinm</span> <span class='ocrx_word' id='word_1_306' title='bbox 1318 3575 1357 3610; x_wconf 84' lang='lat' dir='ltr'>ro-</span> 
     </span>
     <span class='ocr_line' id='line_1_35' title="bbox 282 3631 1357 3702; baseline -0.005 -18"><span class='ocrx_word' id='word_1_307' title='bbox 282 3633 336 3684; x_wconf 86' lang='lat' dir='ltr'>cari</span> <span class='ocrx_word' id='word_1_308' title='bbox 359 3631 547 3694; x_wconf 77' lang='lat' dir='ltr'>Andronicus,</span> <span class='ocrx_word' id='word_1_309' title='bbox 571 3639 615 3693; x_wconf 89' lang='lat' dir='ltr'>et,</span> <span class='ocrx_word' id='word_1_310' title='bbox 639 3633 660 3682; x_wconf 88' lang='lat' dir='ltr'>si</span> <span class='ocrx_word' id='word_1_311' title='bbox 685 3650 741 3684; x_wconf 90' lang='lat' dir='ltr'>non</span> <span class='ocrx_word' id='word_1_312' title='bbox 766 3633 975 3702; x_wconf 84' lang='lat' dir='ltr'>obsequeretur,</span> <span class='ocrx_word' id='word_1_313' title='bbox 1000 3640 1060 3682; x_wconf 87' lang='lat' dir='ltr'>tum</span> <span class='ocrx_word' id='word_1_314' title='bbox 1082 3649 1146 3683; x_wconf 86' lang='lat' dir='ltr'>vero</span> <span class='ocrx_word' id='word_1_315' title='bbox 1175 3632 1300 3700; x_wconf 88' lang='lat' dir='ltr'>precibus</span> <span class='ocrx_word' id='word_1_316' title='bbox 1321 3647 1357 3680; x_wconf 88' lang='lat' dir='ltr'>ur·</span> 
     </span>
     <span class='ocr_line' id='line_1_36' title="bbox 283 3699 1357 3773; baseline -0.002 -19"><span class='ocrx_word' id='word_1_317' title='bbox 283 3703 356 3770; x_wconf 75' lang='lat' dir='ltr'>geri,</span> <span class='ocrx_word' id='word_1_318' title='bbox 386 3703 408 3754; x_wconf 87' lang='lat' dir='ltr'>si</span> <span class='ocrx_word' id='word_1_319' title='bbox 434 3719 469 3754; x_wconf 87' lang='lat' dir='ltr'>no</span> <span class='ocrx_word' id='word_1_320' title='bbox 497 3704 534 3753; x_wconf 86' lang='lat' dir='ltr'>sic</span> <span class='ocrx_word' id='word_1_321' title='bbox 557 3701 669 3773; x_wconf 87' lang='lat' dir='ltr'>quidem</span> <span class='ocrx_word' id='word_1_322' title='bbox 694 3711 864 3765; x_wconf 84' lang='lat' dir='ltr'>moveretur,</span> <span class='ocrx_word' id='word_1_323' title='bbox 891 3702 938 3752; x_wconf 85' lang='lat' dir='ltr'>sed</span> <span class='ocrx_word' id='word_1_324' title='bbox 967 3703 1103 3754; x_wconf 84' lang='lat' dir='ltr'>resisteret</span> <span class='ocrx_word' id='word_1_325' title='bbox 1131 3704 1314 3772; x_wconf 81' lang='lat' dir='ltr'>pertinacius,</span> <span class='ocrx_word' id='word_1_326' title='bbox 1337 3699 1357 3746; x_wconf 79' lang='lat' dir='ltr'>vi</span> 
     </span>
     <span class='ocr_line' id='line_1_37' title="bbox 283 3773 1357 3846; baseline -0.004 -22"><span class='ocrx_word' id='word_1_327' title='bbox 283 3774 423 3842; x_wconf 85' lang='lat' dir='ltr'>compelli:</span> <span class='ocrx_word' id='word_1_328' title='bbox 452 3773 553 3844; x_wconf 86' lang='lat' dir='ltr'>quippe</span> <span class='ocrx_word' id='word_1_329' title='bbox 583 3782 719 3846; x_wconf 77' lang='lat' dir='ltr'>praestaro</span> <span class='ocrx_word' id='word_1_330' title='bbox 746 3775 836 3836; x_wconf 79' lang='lat' dir='ltr'>aiunt,</span> <span class='ocrx_word' id='word_1_331' title='bbox 863 3774 920 3842; x_wconf 81' lang='lat' dir='ltr'>pati</span> <span class='ocrx_word' id='word_1_332' title='bbox 946 3773 1040 3836; x_wconf 85' lang='lat' dir='ltr'>illurn,</span> <span class='ocrx_word' id='word_1_333' title='bbox 1065 3773 1140 3842; x_wconf 89' lang='lat' dir='ltr'>quod</span> <span class='ocrx_word' id='word_1_334' title='bbox 1158 3775 1263 3836; x_wconf 88' lang='lat' dir='ltr'>nollet,</span> <span class='ocrx_word' id='word_1_335' title='bbox 1284 3773 1357 3840; x_wconf 87' lang='lat' dir='ltr'>impe·</span> 
     </span>
    </p>

    <p class='ocr_par' dir='ltr' id='par_1_5' title="bbox 201 3839 1359 4260">
     <span class='ocr_line' id='line_1_38' title="bbox 201 3839 1358 3915; baseline 0 -21"><span class='ocrx_word' id='word_1_336' title='bbox 201 3888 206 3901; x_wconf 84' lang='lat'>,</span> <span class='ocrx_word' id='word_1_337' title='bbox 284 3843 353 3894; x_wconf 86' lang='lat' dir='ltr'>rium</span> <span class='ocrx_word' id='word_1_338' title='bbox 377 3844 498 3905; x_wconf 88' lang='lat' dir='ltr'>scilicet,</span> <span class='ocrx_word' id='word_1_339' title='bbox 527 3861 608 3914; x_wconf 87' lang='lat' dir='ltr'>quam</span> <span class='ocrx_word' id='word_1_340' title='bbox 632 3847 720 3915; x_wconf 87' lang='lat' dir='ltr'>perire</span> <span class='ocrx_word' id='word_1_341' title='bbox 738 3845 877 3898; x_wconf 85' lang='lat' dir='ltr'>mundum·</span> <span class='ocrx_word' id='word_1_342' title='bbox 923 3843 1059 3894; x_wconf 78' lang='lat' dir='ltr'>socientur</span> <span class='ocrx_word' id='word_1_343' title='bbox 1080 3843 1115 3894; x_wconf 81' lang='lat' dir='ltr'>ad</span> <span class='ocrx_word' id='word_1_344' title='bbox 1138 3843 1208 3896; x_wconf 81' lang='lat' dir='ltr'>baec</span> <span class='ocrx_word' id='word_1_345' title='bbox 1229 3845 1307 3896; x_wconf 87' lang='lat' dir='ltr'>multi</span> <span class='ocrx_word' id='word_1_346' title='bbox 1331 3839 1358 3890; x_wconf 76' lang='lat' dir='ltr'>de</span> 
     </span>
     <span class='ocr_line' id='line_1_39' title="bbox 282 3912 1358 3984; baseline 0 -22"><span class='ocrx_word' id='word_1_347' title='bbox 282 3912 376 3982; x_wconf 86' lang='lat' dir='ltr'>plebe,</span> <span class='ocrx_word' id='word_1_348' title='bbox 401 3914 449 3966; x_wconf 88' lang='lat' dir='ltr'>sed</span> <span class='ocrx_word' id='word_1_349' title='bbox 475 3914 609 3984; x_wconf 85' lang='lat' dir='ltr'>abripitur</span> <span class='ocrx_word' id='word_1_350' title='bbox 636 3933 668 3968; x_wconf 89' lang='lat' dir='ltr'>eo</span> <span class='ocrx_word' id='word_1_351' title='bbox 692 3917 801 3967; x_wconf 84' lang='lat' dir='ltr'>flumine</span> <span class='ocrx_word' id='word_1_352' title='bbox 829 3917 908 3966; x_wconf 80' lang='lat' dir='ltr'>etism</span> <span class='ocrx_word' id='word_1_353' title='bbox 934 3921 1088 3964; x_wconf 78' lang='lat' dir='ltr'>senatorum</span> <span class='ocrx_word' id='word_1_354' title='bbox 1113 3931 1184 3982; x_wconf 88' lang='lat' dir='ltr'>pars,</span> <span class='ocrx_word' id='word_1_355' title='bbox 1201 3933 1258 3966; x_wconf 86' lang='lat' dir='ltr'>nou</span> <span class='ocrx_word' id='word_1_356' title='bbox 1276 3925 1358 3979; x_wconf 72' lang='lat' dir='ltr'>magna</span> 
     </span>
     <span class='ocr_line' id='line_1_40' title="bbox 283 3983 1358 4054; baseline -0.003 -21"><span class='ocrx_word' id='word_1_357' title='bbox 283 3983 391 4052; x_wconf 86' lang='lat' dir='ltr'>quidem</span> <span class='ocrx_word' id='word_1_358' title='bbox 408 3985 465 4044; x_wconf 83' lang='lat' dir='ltr'>itta,</span> <span class='ocrx_word' id='word_1_359' title='bbox 484 3985 551 4046; x_wconf 88' lang='lat' dir='ltr'>sed,</span> <span class='ocrx_word' id='word_1_360' title='bbox 569 3985 661 4037; x_wconf 85' lang='lat' dir='ltr'>taedet</span> <span class='ocrx_word' id='word_1_361' title='bbox 680 3987 786 4049; x_wconf 86' lang='lat' dir='ltr'>dicere,</span> <span class='ocrx_word' id='word_1_362' title='bbox 804 3986 921 4037; x_wconf 80' lang='lat' dir='ltr'>infamis.</span> <span class='ocrx_word' id='word_1_363' title='bbox 958 4000 1049 4054; x_wconf 88' lang='lat' dir='ltr'>neque</span> <span class='ocrx_word' id='word_1_364' title='bbox 1073 3986 1144 4036; x_wconf 85' lang='lat' dir='ltr'>enim</span> <span class='ocrx_word' id='word_1_365' title='bbox 1162 3984 1290 4037; x_wconf 84' lang='lat' dir='ltr'>detestati</span> <span class='ocrx_word' id='word_1_366' title='bbox 1307 3988 1358 4034; x_wconf 85' lang='lat' dir='ltr'>sunt</span> 
     </span>
     <span class='ocr_line' id='line_1_41' title="bbox 284 4055 1358 4126; baseline -0.002 -22"><span class='ocrx_word' id='word_1_367' title='bbox 284 4062 406 4123; x_wconf 81' lang='lat' dir='ltr'>suscepta</span> <span class='ocrx_word' id='word_1_368' title='bbox 435 4055 560 4106; x_wconf 74' lang='lat' dir='ltr'>adsersus</span> <span class='ocrx_word' id='word_1_369' title='bbox 588 4057 782 4126; x_wconf 74' lang='lat' dir='ltr'>imperatorem</span> <span class='ocrx_word' id='word_1_370' title='bbox 799 4058 923 4108; x_wconf 81' lang='lat' dir='ltr'>Alexinm</span> <span class='ocrx_word' id='word_1_371' title='bbox 951 4057 979 4105; x_wconf 88' lang='lat' dir='ltr'>in</span> <span class='ocrx_word' id='word_1_372' title='bbox 999 4055 1149 4108; x_wconf 71' lang='lat' dir='ltr'>Andronici</span> <span class='ocrx_word' id='word_1_373' title='bbox 1170 4056 1283 4124; x_wconf 78' lang='lat' dir='ltr'>gratiam</span> <span class='ocrx_word' id='word_1_374' title='bbox 1306 4069 1358 4104; x_wconf 87' lang='lat' dir='ltr'>con·</span> 
     </span>
     <span class='ocr_line' id='line_1_42' title="bbox 283 4122 1359 4194; baseline 0.002 -22"><span class='ocrx_word' id='word_1_375' title='bbox 283 4123 352 4185; x_wconf 82' lang='lat' dir='ltr'>silis,</span> <span class='ocrx_word' id='word_1_376' title='bbox 371 4124 418 4174; x_wconf 88' lang='lat' dir='ltr'>sed</span> <span class='ocrx_word' id='word_1_377' title='bbox 439 4127 520 4176; x_wconf 83' lang='lat' dir='ltr'>etium</span> <span class='ocrx_word' id='word_1_378' title='bbox 540 4127 618 4194; x_wconf 80' lang='lat' dir='ltr'>quasi</span> <span class='ocrx_word' id='word_1_379' title='bbox 638 4127 727 4180; x_wconf 85' lang='lat' dir='ltr'>surore</span> <span class='ocrx_word' id='word_1_380' title='bbox 745 4129 819 4180; x_wconf 86' lang='lat' dir='ltr'>intus</span> <span class='ocrx_word' id='word_1_381' title='bbox 837 4128 891 4180; x_wconf 86' lang='lat' dir='ltr'>acti</span> <span class='ocrx_word' id='word_1_382' title='bbox 907 4125 1069 4180; x_wconf 74' lang='lat' dir='ltr'>aestuabant</span> <span class='ocrx_word' id='word_1_383' title='bbox 1087 4135 1115 4178; x_wconf 92' lang='lat' dir='ltr'>et</span> <span class='ocrx_word' id='word_1_384' title='bbox 1128 4128 1159 4180; x_wconf 83' lang='lat' dir='ltr'>iu</span> <span class='ocrx_word' id='word_1_385' title='bbox 1175 4127 1294 4179; x_wconf 81' lang='lat' dir='ltr'>furorem</span> <span class='ocrx_word' id='word_1_386' title='bbox 1309 4122 1359 4174; x_wconf 82' lang='lat' dir='ltr'>adi-</span> 
     </span>
     <span class='ocr_line' id='line_1_43' title="bbox 283 4192 589 4260; baseline -0.01 -13"><span class='ocrx_word' id='word_1_387' title='bbox 283 4192 383 4260; x_wconf 75' lang='lat' dir='ltr'>gebant</span> <span class='ocrx_word' id='word_1_388' title='bbox 399 4195 589 4248; x_wconf 75' lang='lat' dir='ltr'>Andronicum,</span> 
     </span>
    </p>
   </div>
   <div class='ocr_carea' id='block_1_4' title="bbox 0 0 1434 4900">
    <p class='ocr_par' dir='ltr' id='par_1_6' title="bbox 0 0 1434 4900">
     <span class='ocr_line' id='line_1_44' title="bbox 0 0 1434 4900; baseline 0 0"><span class='ocrx_word' id='word_1_389' title='bbox 0 0 1434 4900; x_wconf 95' lang='lat' dir='ltr'> </span> 
     </span>
    </p>
   </div>
  </div>
 </body>
</html>
