2932 4900
537 299 541 308 '
608 289 757 354 NOTAE.
1158 281 1230 355 519

137 450 142 459 '
219 441 262 508 36
305 443 395 506 huius
426 442 623 505 Constantini
651 443 858 513 constentiam
887 447 984 526 etque
1003 461 1135 521 operam
1155 465 1234 504 con-

137 529 292 592 firmando
313 527 490 608 Theophilo
513 527 644 609 pulchre
673 534 800 588 enarrat
824 523 965 586 laudatus
986 533 1107 590 auctor.

220 628 259 690 37
301 623 338 688 τὸ
373 623 632 704 Σαξιμοιιέξιμοι]
667 627 793 710 exponit
825 625 1030 688 continuator
1049 625 1126 706 quid
1151 626 1233 688 istnd

136 714 167 776 in
192 733 229 774 eo
253 713 341 773 fonte
364 719 450 772 esset
1310 708 1315 717 '

220 809 262 874 38
303 805 413 890 αιιίόι]
437 809 544 871 melius
567 806 670 886 edroi,
694 809 841 892 deestque
856 831 915 870 vox
929 807 968 869 ali
994 827 1042 884 ua,
1065 829 1127 892 qna
1143 831 1235 892 prae-

137 905 188 958 ter
217 893 355 957 subditos
386 893 492 954 Persas
530 894 581 952 alli
619 894 662 952 sio
646 895 833 975 gnificentnr
866 833 1064 974 Theophobo
1106 890 1233 956 addicti.

136 979 270 1040 Amastri
301 977 470 1039 consedisse
499 971 579 1054 μετὰ
601 941 694 1038 ιιιιιῖν
716 975 866 1054 ἐκκρίτων
894 975 1020 1058 ἀνδρῶν
1042 975 1138 1039 habet
1159 1001 1234 1076 apo·

137 1082 258 1146 aymus,
287 1078 358 1123 cum
390 1061 567 1144 Theophilo
597 1071 754 1144 suspectus
788 1061 827 1121 ab
848 1082 885 1121 eo
910 1061 1066 1132 discessit3
1101 1062 1155 1144 qni
1177 1062 1235 1143 ipsi

137 1148 316 1224 videantur,
337 1165 396 1227 per
419 1167 496 1228 quos
519 1167 627 1206 rernm
647 1167 805 1206 summane
826 1145 857 1205 in
881 1143 1114 1225 Theophohum
1137 1155 1235 1206 trans-

136 1233 260 1292 feratur
282 1232 371 1290 timet
391 1229 595 1311 Theophilus.

222 1329 262 1390 39
283 1351 320 1412 τῃ
309 1328 374 1390 δὲ
390 1353 410 1387 u
410 1321 581 1410 ’κυριακῇι
599 1327 722 1389 videtur
736 1329 788 1389 hic
801 1329 911 1404 hiatus,
934 1336 969 1387 ut
981 1327 1125 1414 incipiat
1123 1337 1237 1393 auctor

140 1416 261 1475 referre
283 1393 443 1472 historiam
465 1407 700 1474 restitutionis'
692 1416 859 1494 imaginum
880 1413 984 1492 prima
1005 1412 1056 1472 illa
1081 1401 1236 1474 dolntntca

138 1489 402 1583 quadragesimae,
429 1517 521 1589 quarn
549 1497 651 1558 multis
685 1499 888 1558 continuator
908 1498 982 1556 Vat.
1007 1498 1234 1596 prosequitum

137 1581 193 1640 nisi
216 1561 404 1677 compendio
439 1579 483 1638 sio
509 1582 571 1640 Leo
600 1581 731 1660 scripsit.
781 1575 838 1659 τήν
858 1579 1028 1660 ἐκκλησίαν
1055 1577 1235 1658 εἰρὴνιιιιιιιι

135 1664 173 1746 τῇ
195 1659 225 1724 α’·
245 1665 381 1746 κυριακῇ
400 1662 461 1723 τῶν
482 1658 580 1742 ἁγίων
602 1665 752 1745 νηστειῶν
773 1664 919 1724 ecclesiae
935 1683 1048 1746 paoem
1067 1667 1234 1746 composuit

134 1747 296 1808 dominica
312 1749 420 1828 prima
447 1747 722 1850 quadragesimae.
765 1757 833 1807 tum
853 1757 1002 1829 sequatur
1023 1747 1062 1808 de
1083 1745 1234 1807 Theocti-

135 1833 176 1893 sti
199 1829 417 1948 expeditiope:
440 1829 620 1891 ἀπέστειλεν
641 1829 676 1890 δὲ
699 1823 901 1892 deduxisses
989 1849 992 1860 ·

148 1973 151 1978 -
222 1927 262 1991 40
305 1927 360 1990 καί
386 1923 442 2008 τήν
465 1924 598 2010 φυγάδα
627 1931 665 1989 sit
685 1929 740 1988 καί
760 1923 816 2008 τήν
844 1922 951 2010 φυγήν
973 1928 1008 1989 δὲ
1032 1938 1154 2008 necem
1172 1932 1235 2010 sis-

132 2033 268 2097 gamque
288 2014 458 2096 expedivit,
480 2013 609 2072 audiens
624 2013 794 2094 Aegrotam
807 2014 903 2072 alitem
924 2014 1145 2095 slnpcrutorem
1165 2035 1233 2072 ere.

132 2119 220 2158 asse:
246 2098 297 2157 cui
318 2099 401 2158 forte
422 2095 593 2176 nupsisset,
615 2096 660 2155 uti
684 2095 714 2154 iu
724 2095 949 2192 'superioribus
978 2105 1010 2154 et
1032 2097 1234 2177 sequentihus

137 2200 201 2241 non
224 2181 335 2241 desunt
358 2199 440 2262 quae
465 2180 509 2239 sie
531 2179 691 2260 assumptis
721 2179 752 2237 in
775 2178 904 2238 maritos
927 2178 1051 2259 imperii
1074 2181 1154 2240 faces
1178 2179 1234 2238 de.
1304 2252 1308 2263 Ι

137 2264 255 2339 tulere;
285 2264 381 2347 idque
402 2263 585 2324 Theoctisto
619 2262 842 2338 formidabile,
867 2261 921 2344 qui
945 2264 1108 2360 puerulo'
1099 2285 1235 2346 impera-

135 2357 221 2420 tore,
246 2370 282 2408 ac
305 2358 405 2408 matre
426 2352 569 2430 Augusta,
592 2367 708 2407 summe
731 2347 762 2405 in
786 2347 856 2405 aula
879 2347 1067 2406 auctoritate
1088 2347 1235 2428 polleret.

136 2393 221 2492 nihil
237 2453 313 2513 ergo
348 2452 468 2494 necesse
499 2439 610 2494 contra
631 2440 730 2492 textus
756 2429 848 2490 fidem
876 2429 1039 2506 reddere,
1067 2432 1234 2512 Augustum

134 2517 211 2578 urbe
220 2517 356 2595 fugisse.

220 2614 260 2674 41
304 2609 357 2674 τὸν
380 2608 477 2676 odedu
498 2606 606 2690 πάλιν]
630 2613 704 2674 nihil
718 2613 769 2672 hic
785 2569 933 2688 hiulcum,
954 2613 1008 2674 sed
1031 2621 1104 2694 post
1124 2633 1234 2674 vocem

134 2699 268 2779 φανείς,
300 2709 333 2758 ut
355 2699 452 2759 fuerit
480 2697 635 2778 descripta
659 2697 722 2758 eius
744 2697 772 2755 in
809 2699 919 2786 urhem
939 2699 1090 2794 receptio,
1111 2697 1233 2758 tametsi

136 2804 206 2844 rem
228 2782 272 2841 sic
295 2781 409 2844 male'
402 2804 433 2841 ιιι
460 2784 553 2842 Creta
584 2789 738 2862 gesserat,
768 2790 979 2877 sequaturque
1014 2782 1150 2842 iniuncta
1174 2778 1233 2842 alia

134 2865 347 2946 expeditio,
337 2888 369 2925 ιιι
392 2887 454 2948 qna
478 2864 554 2924 nihil
576 2865 694 2924 felicius
723 2865 844 2924 cessisse
864 2863 1077 2925 Theoctisto
1069 2885 1134 2962 ipse
1156 2863 1234 2924 haec

133 2949 247 3010 Leonis
269 2949 377 3010 mutila
399 2949 549 3023 indicant,
573 2949 613 3008 ob
631 2947 710 3008 illins
730 2949 926 3008 severitatem
950 2947 1118 3030 odioque
1108 2971 1141 3008 ιιι
1162 2970 1233 3010 enm
1261 3001 1263 3006 .

138 3029 324 3115 quibusdam
348 3033 532 3114 proceribus
554 3033 593 3092 ad
614 3033 783 3092 Saracenos
813 3030 956 3106 deficient
959 3033 1035 3092 ihus.

217 3131 258 3192 42
300 3124 486 3210 ἀπέχθειαι]
519 3154 688 3215 anonymus
716 3133 773 3192 ista
795 3133 984 3214 suppressit,
1005 3140 1092 3193 utet
1112 3131 1232 3192 Cedre-

136 3239 195 3276 nns
217 3216 278 3275 viri
301 3216 384 3278 forte
407 3218 591 3293 reverentia,
614 3237 707 3299 quem
730 3237 810 3296 pene
832 3226 995 3277 auctorem
1017 3216 1233 3276 restitutorum

134 3301 308 3382 imaginum
331 3309 513 3380 agnoscunt.

223 3396 265 3458 43
307 3394 324 3460 o‘
357 3393 493 3496 Κόμι[ς]
513 3399 717 3459 emendetP.
742 3399 838 3475 Goar,
862 3419 924 3459 non
959 3399 1058 3458 bene:
1092 3396 1115 3457 is
1147 3399 1231 3458 euim

79 3539 80 3542 ,
137 3483 200 3542 iam
223 3483 369 3557 obierat,
401 3483 508 3562 primis
530 3483 596 3543 fere
615 3485 727 3544 Leonis
750 3483 879 3542 Armeni
903 3483 1009 3556 annis,
1030 3503 1066 3541 ae
1088 3479 1189 3540 dnm'
1181 3503 1232 3542 m-

132 3559 261 3651 gentem
292 3529 375 3626 iliani
396 3567 636 3664 expeditionem
647 3565 757 3626 urbem
780 3585 942 3626 eversurus
966 3525 1067 3647 puiset,
1094 3567 1230 3646 utiReg.

133 3671 307 3732 anonymus
330 3669 443 3729 supra;
474 3651 636 3732 eratque
628 3674 687 3711 iam
710 3650 865 3710 Balditner
896 3649 974 3709 illius
999 3670 1094 3730 nepos
1116 3649 1194 3730 Bulg
1176 3671 1232 3708 <Ja-

136 3752 249 3794 rorum
272 3734 427 3814 princeps,
451 3741 487 3794 ut
503 3734 598 3794 Leo
589 3755 654 3816 ipse
677 3735 738 3793 iam
761 3732 887 3794 dixerat.
910 3754 1002 3815 quem
1019 3734 1070 3792 hic
1094 3732 1232 3792 Michael-

134 3795 199 3878 lem'
209 3817 377 3898 Belgarum
399 3825 500 3892 vocat,
526 3839 597 3876 num
614 3819 679 3898 ipse
702 3820 740 3878 sit
763 3839 855 3898 quem
871 3819 965 3900 paulo
988 3826 1060 3876 ante
1077 3815 1233 3876 Baldime-

135 3900 445 3982 remappellaverat?
468 3919 525 3982 ego
545 3899 589 3960 sic
605 3913 682 3982 puto
707 3912 945 3998 occupatorum
967 3921 1098 3980 vocasse,
1121 3901 1177 3958 etsi
1201 3907 1233 3960 et

133 3983 213 4044 illud
229 3994 339 4064 postea
356 4005 467 4043 nomen
486 3986 516 4042 in
531 3983 686 4064 baptismo
702 3987 820 4066 accepit
839 4009 856 4044 a
873 3985 967 4045 Miohs
968 3985 1022 4042 selle
1044 3983 1232 4065 impositum,

136 4069 184 4128 uti
207 4069 385 4162 habeturp.
399 4065 470 4128 462.
494 4089 557 4149 qno
578 4069 670 4128 etiam
695 4069 763 4128 loco
781 4081 815 4130 et
835 4080 905 4129 ante
923 4069 1110 4148 baptismum
1123 4065 1229 4128 eadem

135 4152 344 4232 occupatione
357 4151 495 4212 ll.licha'e'l
520 4162 713 4234 nuncupatus
736 4154 902 4217 invenitur
948 4151 1106 4216 Cedrcnus
1122 4150 1230 4212 Crumi
