2882 4894
434 364 807 434 cuuouooutnuu.
1125 353 1171 426 91

96 523 183 604 τρίτον
202 509 261 602 ἤδη
281 517 512 602 ἐκστρατεύσας
532 520 600 580 κατ’
620 518 737 580 edacis.
781 514 835 578 καί
858 515 889 578 Γ
887 512 981 588 α’λλος
1004 517 1176 579 κατεπολέ-

95 614 431 701 perpetuandum,
450 610 487 680 δν
508 619 563 680 καί
583 613 714 693 ύνεῖλεν,
735 607 802 678 εἶτα
824 613 879 676 καί
899 608 978 693 μετὰ
1000 615 1175 676 Κωνσταν..

15 719 16 734 ’
94 718 152 780 τίον
169 721 303 800 γίνεται·
354 712 391 778 δν
421 711 438 777 d
470 712 694 788 Κωνστύντιος
716 709 839 799 θωπείᾳ
869 712 924 775 καί
941 708 1086 798 κολακείρι
1105 733 1175 793 χει-

95 812 260 898 ρωούμενος
281 813 430 898 οἷναιρεϊ,
451 812 506 877 καί
525 811 583 896 τὴν
603 810 720 877 τούτου
740 808 846 896 α’ρχην
866 813 981 895 μηδενί
1000 805 1068 876 τύτε
1088 807 1176 894 δούς,

76 920 148 997 5μετ’
176 917 215 978 οδ
244 913 345 986 πολύν
372 913 508 998 χρόνον,
537 911 611 976 ἐπεί
632 913 777 995 μεγάλως
806 908 842 975 τύ
867 912 1006 992 Περσών
1036 912 1176 995 κεκίνηκε

15 1091 16 1094 ¹
92 1014 282 1098 οτρύτευμα,
312 1015 359 1100 τῷ
378 1015 436 1078 τού
455 1016 487 1078 Γ
486 1014 582 1078 α’λλου
607 1013 736 1098 rurippi
754 1011 910 1096 Ἰουλιανῷ
930 1007 1046 1094 ταύτην
1067 1032 1174 1092 παρα.

94 1117 218 1200 δίδωσιν,
238 1116 274 1193 ἐξ
290 1114 437 1198 Ἀθηνῶν
455 1111 556 1178 αύτόν
576 1110 701 1194 ύγοιγών
721 1109 775 1174 καί
787 1109 1071 1192 προχειρισάμενος
1089 1111 1175 1174 Καί-

94 1239 179 1296 σαρα,
203 1214 260 1277 ούκ
290 1211 421 1278 ἔλαττον
454 1213 501 1287 εἰς
519 1213 612 1277 τούτο
633 1214 767 1296 σφαλείς
785 1204 806 1291 ἢ
827 1208 862 1272 τὸ
881 1202 1008 1289 ’.Αρείου
1028 1210 1175 1290 προΐστα.

94 1317 170 1394 σθαι,
187 1315 230 1387 οἷς
249 1314 295 1388 εἰς
312 1307 506 1378 Ἀδανοὶσιον
527 1313 695 1375 ἐπίσκοπον
711 1307 950 1390 Ἀλεξανδρείας
970 1306 1025 1370 καί
1040 1309 1175 1372 Παῦλον

64 1414 444 1486 λθΚωνοτοντινουπύλεως
464 1408 565 1474 πολλὰ
579 1407 658 1474 κακύι
680 1410 896 1486 ἐνδείξασθαι.
937 1403 1015 1470 κατύ
1038 1407 1176 1488 Περσῶν

95 1509 125 1572 δέ
149 1510 396 1593 ἐκστρατεύσας,
427 1512 482 1575 καί
511 1507 628 1590 μαθών
658 1507 701 1584 ώς
731 1509 867 1590 α’ντῆρεν
892 1502 1063 1580 Ἰουλιανύς
1086 1506 1175 1592 αύτῷ

94 1605 146 1673 ύπὸ
165 1614 217 1694 τῆς
240 1613 409 1693 συνεχείας
431 1614 492 1675 τών
511 1611 689 1694 φροντίδων
710 1608 804 1672 νόσου
825 1606 1042 1689 ἐπιγενομένης
1062 1607 1096 1669 ἐκ
1116 1627 1174 1684 με·

93 1707 185 1794 λυίνης
203 1713 321 1793 χολῆς,
343 1712 388 1784 εἰς
413 1709 534 1790 Μόψου
565 1706 683 1792 κρήνην
704 1707 918 1790 ἐτελεύτησεν,
940 1708 973 1770 ἐν
992 1713 1063 1778 ταῖς
1083 1699 1173 1768 ύπω..

93 1812 179 1890 ρείαις
198 1811 257 1872 τού
282 1809 410 1892 Ταύρου
430 1811 589 1892 κειμένην·
631 1806 666 1871 τὸ
687 1811 723 1872 δὲ
752 1808 845 1888 acina
867 1806 967 1868 αύτού
987 1799 1175 1886 Ἰοβιανόςδ

63 1905 158 1986 15μειύ
177 1912 280 1972 ταῦτα
307 1905 525 1990 βασιλεύσας,
558 1908 732 1990 προτίκτιορ
754 1899 816 1985 ών,
836 1901 915 1987 μετὰ
937 1902 1095 1985 Εύσεβίας
1117 1905 1172 1986 τῆς

93 2006 178 2071 usitari
196 2006 324 2092 πρώτης
342 2004 498 2089 γυναικός,
519 2008 713 2088 ἀποκομίσας
727 2003 860 2070 ἀπέδετο
881 2005 1012 2090 πλησίον
1034 2003 1092 2066 τού
1111 2027 1172 2066 πα-

91 2102 155 2188 τρὸς
172 2106 274 2170 αύτού
295 2110 328 2170 ἐν
350 2110 393 2194 api
420 2103 527 2194 ἧρώῳ.

161 2202 383 2270 Κωνστύντιυν
404 2204 575 2290 κουφότητι
599 2203 725 2288 γνώμης
743 2205 897 2286 Εύσέβιος
918 2201 937 2266 δ
958 2203 1173 2286 Νικομηδείας

91 2306 262 2384 παρέπεισεν
285 2305 476 2388 οἷρειανίζειν
497 2302 621 2386 κοίτην
641 2307 723 2380 λέξιν
747 2306 803 2369 τού
817 2303 988 2384 ὁμοοοσίου
1009 2301 1053 2378 ag
1073 2294 1173 2383 ύγρα-

60 2414 143 2484 tapes
161 2405 309 2484 ἐκβαλεῖν.
365 2401 573 2487 Ἀλεξάνδρου
595 2401 795 2488 πατριάρχου
817 2401 1058 2486 τελευτήσαντος
1077 2402 1174 2465 Παύ-

93 2505 136 2574 λος
156 2499 170 2564 ὃ
191 2503 377 2587 ὁμολογητὴς
403 2513 643 2585 χειροτονεῖται.
694 2504 806 2568 τούτου
838 2506 1040 2587 ἐκβληθέντος
1060 2496 1174 2565 ἑαυτὸν

93 2602 229 2683 Εύοέβιος
258 2601 373 2684 δώροις
403 2601 421 2667 ci
446 2603 644 2688 Νικομηδίας
677 2605 853 2686 ἑνδρονίζει
882 2603 927 2677 είς
956 2597 1172 2685 πατριύρχην·

94 2692 143 2764 siu
160 2697 256 2778 ούτως
283 2705 379 2768 πάλιν
401 2707 537 2782 Παῦλος
560 2702 614 2770 τύν
638 2702 751 2788 θρόνον
773 2701 1007 2784 ἀπολαμβάνει,
1028 2703 1084 2764 καί
1101 2701 1171 2782 μετ’

152 2886 193 3011 ί114.
205 2881 361 2973 ’ζονλιανύς
376 2887 448 2962 μετὰ
468 2892 489 2946 C
592 2891 636 2958 15.
654 2895 807 2963 προιίνιτων
828 2889 849 2941 C
966 2886 1006 2940 18.
1023 2905 1070 2960 γρ.
1091 2888 1169 2960 λογι-

167 2977 219 3031 μθίλ
237 2979 272 3012 m·

95 3103 209 3168 meritum,
232 3104 364 3175 deditque
382 3105 407 3157 ei
419 3105 584 3157 occidentem
596 3105 848 3169 administrandum,
864 3106 925 3174 ipse
938 3104 1076 3156 Persarum
1093 3102 1169 3154 belia

95 3183 220 3243 occupatus
239 3185 305 3239 erat,
325 3186 419 3229 contra
437 3194 504 3247 quos
522 3178 630 3229 tertium
655 3179 709 3229 iam
737 3186 795 3239 erat
814 3179 958 3245 proiectus.
995 3175 1090 3226 Gallus
1108 3175 1169 3224 Ma·

96 3247 215 3305 anensium
234 3247 308 3298 bello
327 3255 481 3317 superatum
503 3248 647 3300 interfecit.
670 3265 729 3300 eum
748 3249 921 3300 Constantius
942 3245 1099 3296 adulatione
1117 3243 1170 3294 de-

96 3323 173 3379 ceptus
190 3320 336 3370 interiecit.
384 3327 413 3370 et
441 3326 498 3370 tum
524 3319 632 3389 quidem
661 3320 719 3371 eius
746 3320 888 3386 imperium
915 3317 1018 3368 nemini
1045 3314 1168 3378 tradidit,

96 3387 241 3457 paulopost
268 3407 353 3451 vero,
380 3391 515 3442 Persarum
546 3392 665 3442 exercitu
695 3389 839 3442 admodum
858 3390 982 3450 incitato,
1001 3387 1074 3438 Galli
1093 3386 1168 3437 fratri

96 3451 183 3509 iuliano
203 3460 342 3528 imperium
361 3460 477 3512 tradidit
496 3479 611 3530 eumque
627 3462 738 3513 Athenis
758 3461 914 3512 arcessitum
933 3461 1071 3510 Caesarem
1093 3456 1167 3520 iecit,

97 3538 179 3590 quare
198 3548 252 3582 non
271 3533 359 3582 minus
379 3533 509 3600 peccavit,
529 3549 610 3602 quam
625 3549 707 3602 quum
726 3533 789 3584 Ario
812 3531 921 3584 favebat
942 3531 981 3581 ita
998 3529 1118 3599 quidem,
1138 3537 1168 3580 ut

97 3597 165 3672 marita
181 3603 247 3652 maia
264 3603 422 3665 Athanasio,
443 3603 621 3654 Alexandriae
640 3605 777 3672 episcopo,
795 3611 823 3655 et
839 3603 923 3654 Paulo
936 3600 1168 3668 Constantinopo-

96 3662 322 3740 btanoiufligeret.
368 3682 461 3725 contra
488 3676 578 3726 Persas
609 3673 745 3744 proiectus
772 3691 854 3742 quum
879 3673 1015 3724 Iulianum
1034 3669 1169 3723 deiecisse

97 3743 249 3806 comperisset
265 3744 404 3795 coutinuis
422 3746 491 3796 curis
509 3761 541 3796 ex
558 3753 614 3796 atra
633 3745 688 3796 bite
712 3745 820 3796 morbus
838 3753 911 3796 ortus
930 3751 979 3805 est,
998 3757 1053 3811 quo
1071 3741 1166 3794 morbo

97 3819 165 3886 Pf⁰pe
180 3813 264 3882 Mopsi
282 3815 384 3866 iontem
405 3816 454 3865 sub
475 3816 611 3867 radicibus
626 3817 708 3866 Tauri
726 3817 825 3866 rnontis
845 3825 964 3867 mortuus
984 3821 1033 3864 est.
1069 3829 1166 3882 corpus

97 3890 144 3927 erus
160 3897 173 3930 a
190 3885 297 3938 Ioviano
316 3893 468 3954 protectore
488 3888 565 3939 iuxta
583 3886 736 3951 Eusebium,
753 3886 865 3956 primam
887 3901 997 3936 uxorem
1013 3885 1043 3936 in
1062 3885 1165 3955 templo

97 3960 167 4016 prope
182 3963 279 4020 patrem
300 3959 359 4007 eius
379 3959 516 4026 sepultum
534 3965 582 4009 est.

128 4086 144 4100 ..
155 4021 305 4079 Constantio
327 4027 458 4080 Eusebius
474 4027 679 4082 Nicomedensis
705 4029 817 4081 rationis
837 4026 949 4078 levitate
969 4027 1117 4096 persuasit,
1134 4034 1166 4078 ut

98 4085 145 4137 λιιι
160 4091 297 4148 doctrinam
318 4099 483 4166 praeferret,
511 4108 539 4152 et
564 4099 712 4152 doctrinam
738 4098 895 4150 homousiae
924 4107 955 4150 ut
979 4097 1083 4149 bibliae
1108 4113 1165 4148 non

99 4169 281 4219 consentaneam
302 4169 435 4221 reiiceret.
469 4179 576 4223 mortuo
596 4172 747 4222 Alexandro
772 4169 923 4238 patriarcha
941 4171 1038 4221 Paulrrs
1055 4169 1164 4220 confes·

99 4241 135 4278 sor
151 4244 241 4289 creatus
258 4249 305 4291 ert.
351 4258 383 4292 eo
404 4243 484 4312 pulso
502 4241 635 4298 Eusebius
659 4243 739 4296 danis
756 4241 809 4296 sibi
825 4240 1036 4314 patriarchatum
1053 4235 1162 4310 curapa-
