<?xml version="1.0" encoding="UTF-8"?>
<!DOCTYPE html PUBLIC "-//W3C//DTD XHTML 1.0 Transitional//EN"
    "http://www.w3.org/TR/xhtml1/DTD/xhtml1-transitional.dtd">
<html xmlns="http://www.w3.org/1999/xhtml" xml:lang="en" lang="en">
 <head>
  <title>
</title>
<meta http-equiv="Content-Type" content="text/html;charset=utf-8" />
  <meta name='ocr-system' content='tesseract 3.04.00' />
  <meta name='ocr-capabilities' content='ocr_page ocr_carea ocr_par ocr_line ocrx_word'/>
</head>
<body>
  <div class='ocr_page' id='page_1' title='image "./chronographia01eustgoog_0527.png"; bbox 0 0 2892 4904; ppageno 0'>
   <div class='ocr_carea' id='block_1_1' title="bbox 275 323 1220 397">
    <p class='ocr_par' dir='ltr' id='par_1_1' title="bbox 275 323 1220 397">
     <span class='ocr_line' id='line_1_1' title="bbox 275 323 1220 397; baseline 0.001 -5"><span class='ocrx_word' id='word_1_1' title='bbox 275 323 349 397; x_wconf 70' lang='lat'><strong>528</strong></span> <span class='ocrx_word' id='word_1_2' title='bbox 450 327 506 394; x_wconf 77' lang='lat' dir='ltr'><strong>AD</strong></span> <span class='ocrx_word' id='word_1_3' title='bbox 535 325 700 394; x_wconf 77' lang='lat' dir='ltr'>LEONEM</span> <span class='ocrx_word' id='word_1_4' title='bbox 731 327 1041 396; x_wconf 73' lang='lat' dir='ltr'>GRAMMATICUM</span> <span class='ocrx_word' id='word_1_5' title='bbox 1070 329 1220 394; x_wconf 75' lang='lat' dir='ltr'><strong>NOTAE.</strong></span> 
     </span>
    </p>
   </div>
   <div class='ocr_carea' id='block_1_2' title="bbox 274 477 1365 734">
    <p class='ocr_par' dir='ltr' id='par_1_2' title="bbox 274 477 1364 734">
     <span class='ocr_line' id='line_1_2' title="bbox 361 477 1364 588; baseline -0.001 -44"><span class='ocrx_word' id='word_1_6' title='bbox 361 479 421 546; x_wconf 90' lang='grc'><strong>190</strong></span> <span class='ocrx_word' id='word_1_7' title='bbox 462 483 595 588; x_wconf 55' lang='grc' dir='ltr'><strong>έτοισιῆος</strong></span> <span class='ocrx_word' id='word_1_8' title='bbox 625 477 718 564; x_wconf 78' lang='grc' dir='ltr'><strong>ῥογὰς</strong></span> <span class='ocrx_word' id='word_1_9' title='bbox 745 477 990 558; x_wconf 61' lang='grc' dir='ltr'><strong>ξονιοοτέλλιον.</strong></span> <span class='ocrx_word' id='word_1_10' title='bbox 1030 482 1132 544; x_wconf 75' lang='grc' dir='ltr'><strong>τοῦτο</strong></span> <span class='ocrx_word' id='word_1_11' title='bbox 1163 479 1208 554; x_wconf 84' lang='grc' dir='ltr'><strong>τις</strong></span> <span class='ocrx_word' id='word_1_12' title='bbox 1242 477 1276 542; x_wconf 81' lang='grc' dir='ltr'><strong>έν</strong></span> <span class='ocrx_word' id='word_1_13' title='bbox 1297 486 1364 543; x_wconf 83' lang='lat' dir='ltr'><strong>not·</strong></span> 
     </span>
     <span class='ocr_line' id='line_1_3' title="bbox 275 561 1365 662; baseline -0.001 -33"><span class='ocrx_word' id='word_1_14' title='bbox 275 565 339 629; x_wconf 78' lang='grc' dir='ltr'><strong>λοιῖν</strong></span> <span class='ocrx_word' id='word_1_15' title='bbox 359 561 450 646; x_wconf 78' lang='grc' dir='ltr'><strong>έλέγοι</strong></span> <span class='ocrx_word' id='word_1_16' title='bbox 469 565 531 630; x_wconf 80' lang='lat' dir='ltr'><strong>niv</strong></span> <span class='ocrx_word' id='word_1_17' title='bbox 554 565 707 662; x_wconf 75' lang='lat' dir='ltr'><strong>einaipnr]</strong></span> <span class='ocrx_word' id='word_1_18' title='bbox 729 567 806 630; x_wconf 82' lang='lat' dir='ltr'><strong>haee</strong></span> <span class='ocrx_word' id='word_1_19' title='bbox 828 565 987 644; x_wconf 82' lang='lat' dir='ltr'><strong>haetenus,</strong></span> <span class='ocrx_word' id='word_1_20' title='bbox 1011 588 1050 628; x_wconf 91' lang='lat' dir='ltr'><strong>ne</strong></span> <span class='ocrx_word' id='word_1_21' title='bbox 1071 566 1115 628; x_wconf 86' lang='lat' dir='ltr'><strong>sie</strong></span> <span class='ocrx_word' id='word_1_22' title='bbox 1137 565 1225 628; x_wconf 86' lang='lat' dir='ltr'><strong>hians</strong></span> <span class='ocrx_word' id='word_1_23' title='bbox 1245 564 1286 628; x_wconf 78' lang='lat' dir='ltr'><strong>eit</strong></span> <span class='ocrx_word' id='word_1_24' title='bbox 1306 567 1365 628; x_wconf 84' lang='lat' dir='ltr'><strong>tite-</strong></span> 
     </span>
     <span class='ocr_line' id='line_1_4' title="bbox 274 648 713 734; baseline 0.005 -22"><span class='ocrx_word' id='word_1_25' title='bbox 274 673 326 715; x_wconf 80' lang='grc' dir='ltr'><strong>τοι</strong></span> <span class='ocrx_word' id='word_1_26' title='bbox 346 648 537 733; x_wconf 82' lang='lat' dir='ltr'><strong>expectanda</strong></span> <span class='ocrx_word' id='word_1_27' title='bbox 559 652 713 734; x_wconf 78' lang='lat' dir='ltr'><strong>pleniora.</strong></span> 
     </span>
    </p>
   </div>
   <div class='ocr_carea' id='block_1_3' title="bbox 272 707 1369 1176">
    <p class='ocr_par' dir='ltr' id='par_1_3' title="bbox 272 707 1369 1176">
     <span class='ocr_line' id='line_1_5' title="bbox 357 707 1367 902; baseline 0.001 -82"><span class='ocrx_word' id='word_1_28' title='bbox 357 757 414 820; x_wconf 92' lang='grc'><strong>191</strong></span> <span class='ocrx_word' id='word_1_29' title='bbox 459 752 663 858; x_wconf 75' lang='grc' dir='ltr'><strong>Βοολγέριιν</strong></span> <span class='ocrx_word' id='word_1_30' title='bbox 694 760 753 820; x_wconf 77' lang='grc' dir='ltr'><strong>τοῦ</strong></span> <span class='ocrx_word' id='word_1_31' title='bbox 785 753 939 902; x_wconf 61' lang='lat' dir='ltr'><strong>Euneos]</strong></span> <span class='ocrx_word' id='word_1_32' title='bbox 964 707 1147 842; x_wconf 82' lang='lat' dir='ltr'><strong>Anonymns</strong></span> <span class='ocrx_word' id='word_1_33' title='bbox 1177 754 1367 836; x_wconf 72' lang='grc' dir='ltr'><em>μεγιστάνων</em></span> 
     </span>
     <span class='ocr_line' id='line_1_6' title="bbox 272 836 1366 921; baseline -0.001 -18"><span class='ocrx_word' id='word_1_34' title='bbox 272 841 330 906; x_wconf 73' lang='lat' dir='ltr'><strong>sau</strong></span> <span class='ocrx_word' id='word_1_35' title='bbox 351 836 505 919; x_wconf 62' lang='lat' dir='ltr'><strong>Zeirenia,</strong></span> <span class='ocrx_word' id='word_1_36' title='bbox 541 849 577 904; x_wconf 89' lang='lat' dir='ltr'><strong>ut</strong></span> <span class='ocrx_word' id='word_1_37' title='bbox 598 863 656 904; x_wconf 82' lang='lat' dir='ltr'><strong>nee</strong></span> <span class='ocrx_word' id='word_1_38' title='bbox 676 843 721 904; x_wconf 86' lang='lat' dir='ltr'><strong>itti</strong></span> <span class='ocrx_word' id='word_1_39' title='bbox 742 863 802 904; x_wconf 83' lang='lat' dir='ltr'><strong>vor</strong></span> <span class='ocrx_word' id='word_1_40' title='bbox 824 864 859 904; x_wconf 88' lang='lat' dir='ltr'><strong>ea</strong></span> <span class='ocrx_word' id='word_1_41' title='bbox 881 863 917 904; x_wconf 87' lang='lat' dir='ltr'><strong>re</strong></span> <span class='ocrx_word' id='word_1_42' title='bbox 939 841 1053 921; x_wconf 70' lang='lat' dir='ltr'><strong>undet,</strong></span> <span class='ocrx_word' id='word_1_43' title='bbox 1072 841 1177 903; x_wconf 90' lang='lat' dir='ltr'><strong>utiP.</strong></span> <span class='ocrx_word' id='word_1_44' title='bbox 1200 843 1289 904; x_wconf 85' lang='lat' dir='ltr'><strong>Goar</strong></span> <span class='ocrx_word' id='word_1_45' title='bbox 1309 843 1366 903; x_wconf 83' lang='lat' dir='ltr'><strong>eri.</strong></span> 
     </span>
     <span class='ocr_line' id='line_1_7' title="bbox 272 923 1368 1024; baseline -0.001 -37"><span class='ocrx_word' id='word_1_46' title='bbox 272 926 417 987; x_wconf 84' lang='lat' dir='ltr'><strong>stimavit</strong></span> <span class='ocrx_word' id='word_1_47' title='bbox 466 923 596 986; x_wconf 85' lang='lat' dir='ltr'><strong>Ioannes</strong></span> <span class='ocrx_word' id='word_1_48' title='bbox 632 945 701 988; x_wconf 87' lang='lat' dir='ltr'><strong>eum</strong></span> <span class='ocrx_word' id='word_1_49' title='bbox 733 927 805 988; x_wconf 83' lang='lat' dir='ltr'><strong>aliis</strong></span> <span class='ocrx_word' id='word_1_50' title='bbox 836 927 982 1024; x_wconf 73' lang='lat' dir='ltr'><strong>Bnlgnris</strong></span> <span class='ocrx_word' id='word_1_51' title='bbox 1011 925 1171 1004; x_wconf 82' lang='lat' dir='ltr'><strong>Symeonis</strong></span> <span class='ocrx_word' id='word_1_52' title='bbox 1186 925 1368 1008; x_wconf 74' lang='lat' dir='ltr'><strong><em>proceribus,</em></strong></span> 
     </span>
     <span class='ocr_line' id='line_1_8' title="bbox 273 1008 1369 1094; baseline 0.002 -24"><span class='ocrx_word' id='word_1_53' title='bbox 273 1011 328 1094; x_wconf 87' lang='lat' dir='ltr'><strong>qni</strong></span> <span class='ocrx_word' id='word_1_54' title='bbox 352 1009 470 1070; x_wconf 86' lang='lat' dir='ltr'><strong>scilieet</strong></span> <span class='ocrx_word' id='word_1_55' title='bbox 489 1008 571 1072; x_wconf 84' lang='lat' dir='ltr'><strong>betto</strong></span> <span class='ocrx_word' id='word_1_56' title='bbox 597 1017 629 1072; x_wconf 86' lang='lat' dir='ltr'><strong>et</strong></span> <span class='ocrx_word' id='word_1_57' title='bbox 649 1009 798 1072; x_wconf 86' lang='lat' dir='ltr'><strong>caedibus</strong></span> <span class='ocrx_word' id='word_1_58' title='bbox 820 1011 932 1072; x_wconf 80' lang='lat' dir='ltr'><strong>assueti</strong></span> <span class='ocrx_word' id='word_1_59' title='bbox 946 1011 1094 1094; x_wconf 84' lang='lat' dir='ltr'><strong>Symeoni</strong></span> <span class='ocrx_word' id='word_1_60' title='bbox 1111 1017 1275 1073; x_wconf 80' lang='lat' dir='ltr'><strong>navaraent</strong></span> <span class='ocrx_word' id='word_1_61' title='bbox 1299 1031 1369 1092; x_wconf 90' lang='lat' dir='ltr'><strong>ope-</strong></span> 
     </span>
     <span class='ocr_line' id='line_1_9' title="bbox 273 1091 1368 1176; baseline 0.003 -24"><span class='ocrx_word' id='word_1_62' title='bbox 273 1113 351 1170; x_wconf 88' lang='lat' dir='ltr'><strong>ram,</strong></span> <span class='ocrx_word' id='word_1_63' title='bbox 374 1113 528 1176; x_wconf 76' lang='lat' dir='ltr'><strong>aegreque</strong></span> <span class='ocrx_word' id='word_1_64' title='bbox 551 1091 707 1154; x_wconf 85' lang='lat' dir='ltr'><strong>ferrent&#39;</strong></span> <span class='ocrx_word' id='word_1_65' title='bbox 698 1114 729 1154; x_wconf 90' lang='grc' dir='ltr'><strong>ιιι</strong></span> <span class='ocrx_word' id='word_1_66' title='bbox 755 1091 961 1176; x_wconf 83' lang='lat' dir='ltr'><strong>tranquillum</strong></span> <span class='ocrx_word' id='word_1_67' title='bbox 993 1101 1146 1156; x_wconf 88' lang='lat' dir='ltr'><strong>mutatum</strong></span> <span class='ocrx_word' id='word_1_68' title='bbox 1179 1113 1291 1154; x_wconf 88' lang='lat' dir='ltr'><strong>rerum</strong></span> <span class='ocrx_word' id='word_1_69' title='bbox 1313 1102 1368 1155; x_wconf 88' lang='lat' dir='ltr'><strong>sta-</strong></span> 
     </span>
    </p>
   </div>
   <div class='ocr_carea' id='block_1_4' title="bbox 166 1175 1370 1260">
    <p class='ocr_par' dir='ltr' id='par_1_4' title="bbox 166 1175 1370 1260">
     <span class='ocr_line' id='line_1_10' title="bbox 166 1175 1370 1260; baseline -0.002 -22"><span class='ocrx_word' id='word_1_70' title='bbox 166 1192 176 1222; x_wconf 90' lang='lat'><strong>.·</strong></span> <span class='ocrx_word' id='word_1_71' title='bbox 273 1183 341 1238; x_wconf 88' lang='lat' dir='ltr'><strong>tum</strong></span> <span class='ocrx_word' id='word_1_72' title='bbox 366 1176 463 1238; x_wconf 88' lang='lat' dir='ltr'><strong>Petro</strong></span> <span class='ocrx_word' id='word_1_73' title='bbox 498 1176 578 1238; x_wconf 77' lang='lat' dir='ltr'><strong>iltius</strong></span> <span class='ocrx_word' id='word_1_74' title='bbox 599 1177 662 1238; x_wconf 77' lang='lat' dir='ltr'><strong>atio</strong></span> <span class='ocrx_word' id='word_1_75' title='bbox 692 1177 789 1260; x_wconf 80' lang='lat' dir='ltr'><strong>gentis</strong></span> <span class='ocrx_word' id='word_1_76' title='bbox 829 1177 991 1260; x_wconf 84' lang='lat' dir='ltr'><strong>principe,</strong></span> <span class='ocrx_word' id='word_1_77' title='bbox 1027 1197 1120 1260; x_wconf 90' lang='lat' dir='ltr'><strong>quem</strong></span> <span class='ocrx_word' id='word_1_78' title='bbox 1141 1175 1214 1236; x_wconf 90' lang='lat' dir='ltr'><strong>ideo</strong></span> <span class='ocrx_word' id='word_1_79' title='bbox 1236 1187 1370 1238; x_wconf 84' lang='lat' dir='ltr'><strong>amotam</strong></span> 
     </span>
    </p>
   </div>
   <div class='ocr_carea' id='block_1_5' title="bbox 273 1259 1371 1512">
    <p class='ocr_par' dir='ltr' id='par_1_5' title="bbox 273 1259 1371 1512">
     <span class='ocr_line' id='line_1_11' title="bbox 274 1259 1370 1358; baseline 0 -38"><span class='ocrx_word' id='word_1_80' title='bbox 274 1261 400 1336; x_wconf 80' lang='lat' dir='ltr'><strong>veilent,</strong></span> <span class='ocrx_word' id='word_1_81' title='bbox 422 1259 572 1322; x_wconf 82' lang='lat' dir='ltr'><strong>translato</strong></span> <span class='ocrx_word' id='word_1_82' title='bbox 595 1259 806 1358; x_wconf 79' lang='lat' dir='ltr'><strong>principatu</strong></span> <span class='ocrx_word' id='word_1_83' title='bbox 799 1283 828 1324; x_wconf 89' lang='lat' dir='ltr'><strong>m</strong></span> <span class='ocrx_word' id='word_1_84' title='bbox 845 1261 978 1322; x_wconf 86' lang='lat' dir='ltr'><strong>alterum</strong></span> <span class='ocrx_word' id='word_1_85' title='bbox 994 1261 1135 1322; x_wconf 76' lang='lat' dir='ltr'><strong>fratrum</strong></span> <span class='ocrx_word' id='word_1_86' title='bbox 1150 1262 1306 1322; x_wconf 87' lang='lat' dir='ltr'><strong>Ioannem</strong></span> <span class='ocrx_word' id='word_1_87' title='bbox 1329 1261 1370 1322; x_wconf 84' lang='lat' dir='ltr'><strong>vet</strong></span> 
     </span>
     <span class='ocr_line' id='line_1_12' title="bbox 273 1305 1371 1420; baseline -0.003 -14"><span class='ocrx_word' id='word_1_88' title='bbox 273 1305 468 1420; x_wconf 70' lang='lat' dir='ltr'><strong>aristotilem,</strong></span> <span class='ocrx_word' id='word_1_89' title='bbox 489 1345 576 1406; x_wconf 79' lang='lat' dir='ltr'><strong>euius</strong></span> <span class='ocrx_word' id='word_1_90' title='bbox 598 1345 691 1406; x_wconf 81' lang='lat' dir='ltr'><strong>etiarn</strong></span> <span class='ocrx_word' id='word_1_91' title='bbox 712 1345 854 1410; x_wconf 79' lang='grc' dir='ltr'><strong>οιιιίιοιιιιι</strong></span> <span class='ocrx_word' id='word_1_92' title='bbox 876 1343 926 1406; x_wconf 87' lang='lat' dir='ltr'><strong>hie</strong></span> <span class='ocrx_word' id='word_1_93' title='bbox 947 1343 1149 1408; x_wconf 86' lang='lat' dir='ltr'><strong>rebellionem</strong></span> <span class='ocrx_word' id='word_1_94' title='bbox 1172 1345 1371 1406; x_wconf 76' lang='lat' dir='ltr'><strong>continuator</strong></span> 
     </span>
     <span class='ocr_line' id='line_1_13' title="bbox 275 1425 758 1512; baseline 0 -21"><span class='ocrx_word' id='word_1_95' title='bbox 275 1435 306 1492; x_wconf 87' lang='lat' dir='ltr'><strong>et</strong></span> <span class='ocrx_word' id='word_1_96' title='bbox 327 1425 485 1490; x_wconf 85' lang='lat' dir='ltr'><strong>Cedrenns</strong></span> <span class='ocrx_word' id='word_1_97' title='bbox 508 1435 758 1512; x_wconf 87' lang='lat' dir='ltr'><strong>prosequuntur.</strong></span> 
     </span>
    </p>
   </div>
   <div class='ocr_carea' id='block_1_6' title="bbox 233 1519 1372 1774">
    <p class='ocr_par' dir='ltr' id='par_1_6' title="bbox 233 1519 1372 1774">
     <span class='ocr_line' id='line_1_14' title="bbox 233 1519 1372 1608; baseline -0.002 -22"><span class='ocrx_word' id='word_1_98' title='bbox 233 1555 241 1564; x_wconf 95' lang='lat'><strong>·</strong></span> <span class='ocrx_word' id='word_1_99' title='bbox 358 1526 417 1586; x_wconf 98' lang='grc'><strong>199</strong></span> <span class='ocrx_word' id='word_1_100' title='bbox 460 1519 610 1606; x_wconf 79' lang='grc' dir='ltr'><strong>κοσμέτης</strong></span> <span class='ocrx_word' id='word_1_101' title='bbox 639 1519 749 1587; x_wconf 75' lang='lat' dir='ltr'><strong>insuar</strong></span> <span class='ocrx_word' id='word_1_102' title='bbox 769 1524 803 1586; x_wconf 87' lang='grc' dir='ltr'><strong>έν</strong></span> <span class='ocrx_word' id='word_1_103' title='bbox 823 1525 867 1608; x_wconf 76' lang='grc' dir='ltr'><strong>τῷ</strong></span> <span class='ocrx_word' id='word_1_104' title='bbox 893 1522 985 1608; x_wconf 70' lang='grc' dir='ltr'><strong>φόροι</strong></span> <span class='ocrx_word' id='word_1_105' title='bbox 1009 1523 1044 1586; x_wconf 82' lang='grc' dir='ltr'><strong>έν</strong></span> <span class='ocrx_word' id='word_1_106' title='bbox 1064 1521 1125 1586; x_wconf 73' lang='grc' dir='ltr'><strong>τῶν</strong></span> <span class='ocrx_word' id='word_1_107' title='bbox 1147 1523 1181 1585; x_wconf 82' lang='grc' dir='ltr'><strong>ἐν</strong></span> <span class='ocrx_word' id='word_1_108' title='bbox 1204 1529 1272 1598; x_wconf 76' lang='grc' dir='ltr'><strong>τοῖς</strong></span> <span class='ocrx_word' id='word_1_109' title='bbox 1294 1545 1372 1588; x_wconf 81' lang='lat' dir='ltr'><strong>usos.</strong></span> 
     </span>
     <span class='ocr_line' id='line_1_15' title="bbox 275 1585 1371 1704; baseline 0 -34"><span class='ocrx_word' id='word_1_110' title='bbox 275 1603 419 1689; x_wconf 63' lang='grc' dir='ltr'><strong>χιτῶν’</strong></span> <span class='ocrx_word' id='word_1_111' title='bbox 407 1609 589 1684; x_wconf 83' lang='grc' dir='ltr'><strong>ισταμένοις</strong></span> <span class='ocrx_word' id='word_1_112' title='bbox 613 1607 712 1670; x_wconf 80' lang='grc' dir='ltr'><strong>έκοῖοε</strong></span> <span class='ocrx_word' id='word_1_113' title='bbox 735 1607 819 1670; x_wconf 75' lang='lat' dir='ltr'><strong>reios</strong></span> <span class='ocrx_word' id='word_1_114' title='bbox 839 1585 1055 1690; x_wconf 70' lang='grc' dir='ltr'><strong>ἐπικειμένων]</strong></span> <span class='ocrx_word' id='word_1_115' title='bbox 1079 1611 1275 1704; x_wconf 77' lang='lat' dir='ltr'><strong>Anonymus.</strong></span> <span class='ocrx_word' id='word_1_116' title='bbox 1320 1611 1371 1670; x_wconf 83' lang='lat' dir='ltr'><strong>Ce-</strong></span> 
     </span>
     <span class='ocr_line' id='line_1_16' title="bbox 275 1687 1372 1774; baseline 0.002 -20"><span class='ocrx_word' id='word_1_117' title='bbox 275 1689 427 1754; x_wconf 81' lang='lat' dir='ltr'><strong>drenna’</strong></span> <span class='ocrx_word' id='word_1_118' title='bbox 410 1713 446 1752; x_wconf 79' lang='grc' dir='ltr'><strong>τοι</strong></span> <span class='ocrx_word' id='word_1_119' title='bbox 465 1692 521 1771; x_wconf 79' lang='grc' dir='ltr'><strong>τῆς</strong></span> <span class='ocrx_word' id='word_1_120' title='bbox 544 1689 661 1769; x_wconf 71' lang='grc' dir='ltr'><strong>ἁψῖδος</strong></span> <span class='ocrx_word' id='word_1_121' title='bbox 681 1694 870 1769; x_wconf 79' lang='lat' dir='ltr'><strong>exsemine,</strong></span> <span class='ocrx_word' id='word_1_122' title='bbox 892 1694 946 1774; x_wconf 88' lang='lat' dir='ltr'><strong>qui</strong></span> <span class='ocrx_word' id='word_1_123' title='bbox 964 1700 996 1752; x_wconf 87' lang='lat' dir='ltr'><strong>et</strong></span> <span class='ocrx_word' id='word_1_124' title='bbox 1009 1687 1050 1752; x_wconf 83' lang='lat'><strong>60</strong></span> <span class='ocrx_word' id='word_1_125' title='bbox 1075 1691 1195 1754; x_wconf 66' lang='lat' dir='ltr'><strong>nocuos</strong></span> <span class='ocrx_word' id='word_1_126' title='bbox 1221 1701 1372 1770; x_wconf 84' lang='lat' dir='ltr'><strong>numerat,</strong></span> 
     </span>
    </p>
   </div>
   <div class='ocr_carea' id='block_1_7' title="bbox 154 1774 732 1853">
    <p class='ocr_par' dir='ltr' id='par_1_7' title="bbox 154 1774 732 1853">
     <span class='ocr_line' id='line_1_17' title="bbox 154 1774 732 1853; baseline 0 -17"><span class='ocrx_word' id='word_1_127' title='bbox 154 1838 161 1853; x_wconf 66' lang='grc'>,</span> <span class='ocrx_word' id='word_1_128' title='bbox 280 1775 335 1850; x_wconf 75' lang='lat' dir='ltr'><strong>ubi</strong></span> <span class='ocrx_word' id='word_1_129' title='bbox 357 1774 411 1836; x_wconf 87' lang='lat' dir='ltr'><strong>alii</strong></span> <span class='ocrx_word' id='word_1_130' title='bbox 432 1795 482 1836; x_wconf 81' lang='lat' dir='ltr'><strong>seu</strong></span> <span class='ocrx_word' id='word_1_131' title='bbox 504 1774 732 1838; x_wconf 75' lang='lat' dir='ltr'><strong>duntaxat·</strong></span> 
     </span>
    </p>
   </div>
   <div class='ocr_carea' id='block_1_8' title="bbox 270 1869 1375 2604">
    <p class='ocr_par' dir='ltr' id='par_1_8' title="bbox 274 1869 1375 2601">
     <span class='ocr_line' id='line_1_18' title="bbox 360 1869 1373 1978; baseline 0 -42"><span class='ocrx_word' id='word_1_132' title='bbox 360 1870 422 1936; x_wconf 83' lang='grc'><strong>193</strong></span> <span class='ocrx_word' id='word_1_133' title='bbox 463 1873 603 1939; x_wconf 84' lang='lat' dir='ltr'><strong>lacunam</strong></span> <span class='ocrx_word' id='word_1_134' title='bbox 625 1885 697 1958; x_wconf 83' lang='lat' dir='ltr'><strong>port</strong></span> <span class='ocrx_word' id='word_1_135' title='bbox 717 1895 828 1938; x_wconf 83' lang='lat' dir='ltr'><strong>venem</strong></span> <span class='ocrx_word' id='word_1_136' title='bbox 826 1869 1069 1976; x_wconf 60' lang='grc' dir='ltr'><strong>Ἀναρηνοὸν</strong></span> <span class='ocrx_word' id='word_1_137' title='bbox 1049 1873 1092 1937; x_wconf 91' lang='lat' dir='ltr'><strong>ita</strong></span> <span class='ocrx_word' id='word_1_138' title='bbox 1113 1873 1250 1972; x_wconf 81' lang='lat' dir='ltr'><strong>expleas,</strong></span> <span class='ocrx_word' id='word_1_139' title='bbox 1276 1895 1373 1978; x_wconf 84' lang='lat' dir='ltr'><strong>quau-</strong></span> 
     </span>
     <span class='ocr_line' id='line_1_19' title="bbox 276 1951 1374 2062; baseline 0.001 -44"><span class='ocrx_word' id='word_1_140' title='bbox 276 1965 343 2062; x_wconf 65' lang='lat' dir='ltr'><strong>tum</strong></span> <span class='ocrx_word' id='word_1_141' title='bbox 365 1957 440 2020; x_wconf 88' lang='lat' dir='ltr'><strong>huic</strong></span> <span class='ocrx_word' id='word_1_142' title='bbox 460 1959 530 2020; x_wconf 89' lang='lat' dir='ltr'><strong>loco</strong></span> <span class='ocrx_word' id='word_1_143' title='bbox 551 1957 681 2021; x_wconf 84' lang='lat' dir='ltr'><strong>suffieit:</strong></span> <span class='ocrx_word' id='word_1_144' title='bbox 706 1981 758 2020; x_wconf 79' lang='grc' dir='ltr'><strong>ναι</strong></span> <span class='ocrx_word' id='word_1_145' title='bbox 756 1951 835 2019; x_wconf 80' lang='lat' dir='ltr'><strong>irai</strong></span> <span class='ocrx_word' id='word_1_146' title='bbox 857 1978 892 2018; x_wconf 94' lang='grc' dir='ltr'><strong>το</strong></span> <span class='ocrx_word' id='word_1_147' title='bbox 916 1955 1240 2060; x_wconf 67' lang='grc' dir='ltr'><strong>περιφανὲςτῆςτοῦ</strong></span> <span class='ocrx_word' id='word_1_148' title='bbox 1260 1956 1374 2059; x_wconf 74' lang='grc' dir='ltr'><strong>ἀνδρὸς</strong></span> 
     </span>
     <span class='ocr_line' id='line_1_20' title="bbox 270 2031 1375 2142; baseline 0 -40"><span class='ocrx_word' id='word_1_149' title='bbox 270 2039 390 2142; x_wconf 79' lang='grc' dir='ltr'><strong>οἷρττῆς</strong></span> <span class='ocrx_word' id='word_1_150' title='bbox 405 2031 604 2140; x_wconf 65' lang='lat' dir='ltr'><strong>n&#39;tioutn&#39;tiq‘</strong></span> <span class='ocrx_word' id='word_1_151' title='bbox 590 2063 606 2102; x_wconf 95' lang='grc' dir='ltr'><strong>ο</strong></span> <span class='ocrx_word' id='word_1_152' title='bbox 627 2036 778 2122; x_wconf 77' lang='grc' dir='ltr'><strong>βασιλεύς</strong></span> <span class='ocrx_word' id='word_1_153' title='bbox 790 2035 952 2118; x_wconf 60' lang='lat' dir='ltr'><strong>‘Promovit</strong></span> <span class='ocrx_word' id='word_1_154' title='bbox 970 2061 1016 2112; x_wconf 78' lang='grc' dir='ltr'><strong>εις</strong></span> <span class='ocrx_word' id='word_1_155' title='bbox 1035 2061 1091 2100; x_wconf 89' lang='grc' dir='ltr'><strong>τον</strong></span> <span class='ocrx_word' id='word_1_156' title='bbox 1111 2033 1234 2102; x_wconf 77' lang='grc' dir='ltr'><strong>ἑαυτοῦ</strong></span> <span class='ocrx_word' id='word_1_157' title='bbox 1255 2037 1375 2124; x_wconf 76' lang='grc' dir='ltr'><strong>ἔγγονον</strong></span> 
     </span>
     <span class='ocr_line' id='line_1_21' title="bbox 270 2119 1374 2228; baseline -0.005 -37.956"><span class='ocrx_word' id='word_1_158' title='bbox 270 2119 435 2202; x_wconf 82' lang='grc' dir='ltr'><strong>Ῥωμανόν</strong></span> <span class='ocrx_word' id='word_1_159' title='bbox 465 2119 522 2186; x_wconf 80' lang='grc' dir='ltr'><strong>τὸν</strong></span> <span class='ocrx_word' id='word_1_160' title='bbox 550 2124 585 2186; x_wconf 86' lang='grc' dir='ltr'><strong>έκ</strong></span> <span class='ocrx_word' id='word_1_161' title='bbox 608 2121 861 2228; x_wconf 44' lang='grc' dir='ltr'><strong>Κωνσταντένον.</strong></span> <span class='ocrx_word' id='word_1_162' title='bbox 884 2121 942 2184; x_wconf 75' lang='grc' dir='ltr'><strong>τοῦ</strong></span> <span class='ocrx_word' id='word_1_163' title='bbox 969 2121 1045 2184; x_wconf 76' lang='grc' dir='ltr'><strong>οἱοῦ</strong></span> <span class='ocrx_word' id='word_1_164' title='bbox 1076 2121 1178 2188; x_wconf 73' lang='grc' dir='ltr'><strong>αὐτοῦ</strong></span> <span class='ocrx_word' id='word_1_165' title='bbox 1200 2125 1374 2224; x_wconf 73' lang='grc' dir='ltr'><strong>θυγατέρα</strong></span> 
     </span>
     <span class='ocr_line' id='line_1_22' title="bbox 275 2200 1374 2294; baseline -0.004 -24"><span class='ocrx_word' id='word_1_166' title='bbox 275 2207 455 2286; x_wconf 68' lang='grc' dir='ltr'><strong>ἀναλαβεῖν.</strong></span> <span class='ocrx_word' id='word_1_167' title='bbox 498 2204 681 2290; x_wconf 71' lang='grc' dir='ltr'><strong>φθόνουδὲ</strong></span> <span class='ocrx_word' id='word_1_168' title='bbox 713 2206 800 2294; x_wconf 78' lang='lat' dir='ltr'><strong>niani</strong></span> <span class='ocrx_word' id='word_1_169' title='bbox 821 2207 877 2287; x_wconf 82' lang='grc' dir='ltr'><strong>τῆς</strong></span> <span class='ocrx_word' id='word_1_170' title='bbox 901 2201 1047 2288; x_wconf 81' lang='grc' dir='ltr'><strong>τοιαύτης</strong></span> <span class='ocrx_word' id='word_1_171' title='bbox 1068 2201 1170 2267; x_wconf 77' lang='grc' dir='ltr'><strong>ἕνεκεν</strong></span> <span class='ocrx_word' id='word_1_172' title='bbox 1191 2200 1374 2280; x_wconf 70' lang='grc' dir='ltr'><strong><em>ὑποθέσεως</em></strong></span> 
     </span>
     <span class='ocr_line' id='line_1_23' title="bbox 274 2267 1373 2394; baseline 0 -42"><span class='ocrx_word' id='word_1_173' title='bbox 274 2287 362 2372; x_wconf 75' lang='grc' dir='ltr'><strong><em>παρὰ</em></strong></span> <span class='ocrx_word' id='word_1_174' title='bbox 382 2289 443 2352; x_wconf 77' lang='grc' dir='ltr'><strong>τῶν</strong></span> <span class='ocrx_word' id='word_1_175' title='bbox 466 2291 583 2352; x_wconf 75' lang='grc' dir='ltr'><strong>λοιπῶν</strong></span> <span class='ocrx_word' id='word_1_176' title='bbox 603 2291 762 2368; x_wconf 80' lang='grc' dir='ltr'><strong>βασιλέων</strong></span> <span class='ocrx_word' id='word_1_177' title='bbox 780 2267 969 2388; x_wconf 73' lang='grc' dir='ltr'><strong>κινηθέντος,</strong></span> <span class='ocrx_word' id='word_1_178' title='bbox 995 2289 1091 2352; x_wconf 76' lang='lat' dir='ltr'><strong>adver</strong></span> <span class='ocrx_word' id='word_1_179' title='bbox 1112 2289 1169 2390; x_wconf 82' lang='grc' dir='ltr'><strong>τῆς</strong></span> <span class='ocrx_word' id='word_1_180' title='bbox 1192 2287 1311 2394; x_wconf 58' lang='grc' dir='ltr'><strong><em>ἀρχῆς,</em></strong></span> <span class='ocrx_word' id='word_1_181' title='bbox 1330 2287 1373 2352; x_wconf 83' lang='grc' dir='ltr'><strong>εἴ·</strong></span> 
     </span>
     <span class='ocr_line' id='line_1_24' title="bbox 275 2363 1372 2454; baseline -0.001 -20"><span class='ocrx_word' id='word_1_182' title='bbox 275 2394 344 2436; x_wconf 86' lang='grc' dir='ltr'><strong>κοσι</strong></span> <span class='ocrx_word' id='word_1_183' title='bbox 366 2395 418 2436; x_wconf 84' lang='grc' dir='ltr'><strong>και</strong></span> <span class='ocrx_word' id='word_1_184' title='bbox 415 2369 500 2433; x_wconf 80' lang='grc' dir='ltr'><strong>δύο</strong></span> <span class='ocrx_word' id='word_1_185' title='bbox 518 2368 656 2453; x_wconf 85' lang='grc' dir='ltr'><strong>χρόνους</strong></span> <span class='ocrx_word' id='word_1_186' title='bbox 689 2369 745 2436; x_wconf 80' lang='lat' dir='ltr'><strong>nui</strong></span> <span class='ocrx_word' id='word_1_187' title='bbox 759 2373 862 2454; x_wconf 78' lang='grc' dir='ltr'><strong>μῆνας</strong></span> <span class='ocrx_word' id='word_1_188' title='bbox 892 2363 972 2434; x_wconf 75' lang='lat' dir='ltr'><strong>inrui</strong></span> <span class='ocrx_word' id='word_1_189' title='bbox 994 2369 1180 2450; x_wconf 68' lang='lat' dir='ltr'><strong>tenestinae</strong></span> <span class='ocrx_word' id='word_1_190' title='bbox 1201 2373 1372 2452; x_wconf 77' lang='grc' dir='ltr'><strong>α’διοὲδοχος</strong></span> 
     </span>
     <span class='ocr_line' id='line_1_25' title="bbox 274 2455 1372 2541; baseline -0.002 -21"><span class='ocrx_word' id='word_1_191' title='bbox 274 2457 412 2529; x_wconf 77' lang='grc' dir='ltr'><strong>τελέσας.</strong></span> <span class='ocrx_word' id='word_1_192' title='bbox 435 2455 628 2534; x_wconf 82' lang='grc' dir='ltr'><strong>Δομιστικός</strong></span> <span class='ocrx_word' id='word_1_193' title='bbox 649 2457 696 2520; x_wconf 83' lang='grc' dir='ltr'><strong>δέ.</strong></span> <span class='ocrx_word' id='word_1_194' title='bbox 739 2457 830 2540; x_wconf 89' lang='lat' dir='ltr'><strong>plura</strong></span> <span class='ocrx_word' id='word_1_195' title='bbox 852 2457 893 2520; x_wconf 89' lang='lat' dir='ltr'><strong>de</strong></span> <span class='ocrx_word' id='word_1_196' title='bbox 907 2477 944 2520; x_wconf 90' lang='lat' dir='ltr'><strong>eo</strong></span> <span class='ocrx_word' id='word_1_197' title='bbox 962 2457 1090 2541; x_wconf 85' lang='lat' dir='ltr'><strong>aliisque</strong></span> <span class='ocrx_word' id='word_1_198' title='bbox 1114 2465 1280 2540; x_wconf 82' lang='lat' dir='ltr'><strong>expectata</strong></span> <span class='ocrx_word' id='word_1_199' title='bbox 1299 2479 1372 2520; x_wconf 87' lang='lat' dir='ltr'><strong>eon-</strong></span> 
     </span>
     <span class='ocr_line' id='line_1_26' title="bbox 276 2539 462 2604; baseline 0 -4"><span class='ocrx_word' id='word_1_200' title='bbox 276 2539 462 2604; x_wconf 86' lang='lat' dir='ltr'><strong>tinuatione.</strong></span> 
     </span>
    </p>
   </div>
   <div class='ocr_carea' id='block_1_9' title="bbox 275 2636 1373 2888">
    <p class='ocr_par' dir='ltr' id='par_1_9' title="bbox 275 2636 1373 2888">
     <span class='ocr_line' id='line_1_27' title="bbox 361 2636 1372 2720; baseline 0.002 -20"><span class='ocrx_word' id='word_1_201' title='bbox 361 2637 421 2702; x_wconf 74' lang='lat'><strong>124</strong></span> <span class='ocrx_word' id='word_1_202' title='bbox 463 2636 556 2718; x_wconf 73' lang='grc' dir='ltr'><strong>δῆμοι</strong></span> <span class='ocrx_word' id='word_1_203' title='bbox 577 2639 758 2718; x_wconf 73' lang='grc' dir='ltr'><strong>κατέπεσον]</strong></span> <span class='ocrx_word' id='word_1_204' title='bbox 795 2639 985 2720; x_wconf 76' lang='lat' dir='ltr'><strong>subgrnndue</strong></span> <span class='ocrx_word' id='word_1_205' title='bbox 1014 2639 1225 2700; x_wconf 78' lang='lat' dir='ltr'><strong>reciderunt</strong></span> <span class='ocrx_word' id='word_1_206' title='bbox 1209 2661 1246 2702; x_wconf 87' lang='grc' dir='ltr'><strong>ιιι</strong></span> <span class='ocrx_word' id='word_1_207' title='bbox 1275 2641 1372 2702; x_wconf 73' lang='lat' dir='ltr'><strong>Circo.</strong></span> 
     </span>
     <span class='ocr_line' id='line_1_28' title="bbox 275 2718 1373 2809; baseline 0 -25"><span class='ocrx_word' id='word_1_208' title='bbox 275 2735 306 2784; x_wconf 83' lang='lat' dir='ltr'><strong>et</strong></span> <span class='ocrx_word' id='word_1_209' title='bbox 323 2723 558 2784; x_wconf 79' lang='lat' dir='ltr'><strong>comminuerunt</strong></span> <span class='ocrx_word' id='word_1_210' title='bbox 585 2719 733 2783; x_wconf 59' lang='lat' dir='ltr'><strong>suhalim</strong></span> <span class='ocrx_word' id='word_1_211' title='bbox 754 2735 784 2782; x_wconf 85' lang='lat' dir='ltr'><strong>et</strong></span> <span class='ocrx_word' id='word_1_212' title='bbox 805 2724 926 2782; x_wconf 83' lang='lat' dir='ltr'><strong>cancell</strong></span> <span class='ocrx_word' id='word_1_213' title='bbox 925 2745 965 2787; x_wconf 88' lang='lat' dir='ltr'><strong>os.</strong></span> <span class='ocrx_word' id='word_1_214' title='bbox 997 2719 1035 2784; x_wconf 83' lang='grc' dir='ltr'><strong>τοὶ</strong></span> <span class='ocrx_word' id='word_1_215' title='bbox 1067 2718 1179 2800; x_wconf 75' lang='grc' dir='ltr'><em>βάθρα</em></span> <span class='ocrx_word' id='word_1_216' title='bbox 1203 2726 1373 2809; x_wconf 81' lang='lat' dir='ltr'><strong>Anonymo</strong></span> 
     </span>
     <span class='ocr_line' id='line_1_29' title="bbox 277 2801 1211 2888; baseline -0.001 -20"><span class='ocrx_word' id='word_1_217' title='bbox 277 2815 315 2868; x_wconf 87' lang='lat' dir='ltr'><strong>et’</strong></span> <span class='ocrx_word' id='word_1_218' title='bbox 329 2806 486 2879; x_wconf 83' lang='lat' dir='ltr'><strong>Cedrerm,</strong></span> <span class='ocrx_word' id='word_1_219' title='bbox 510 2827 590 2888; x_wconf 90' lang='lat' dir='ltr'><strong>qnae</strong></span> <span class='ocrx_word' id='word_1_220' title='bbox 609 2805 706 2865; x_wconf 84' lang='lat' dir='ltr'><strong>Leoni</strong></span> <span class='ocrx_word' id='word_1_221' title='bbox 727 2801 883 2884; x_wconf 82' lang='grc' dir='ltr'><strong><em>μάρμαρα</em></strong></span> <span class='ocrx_word' id='word_1_222' title='bbox 906 2802 1055 2886; x_wconf 81' lang='grc' dir='ltr'><strong>λεγόμενοι</strong></span> <span class='ocrx_word' id='word_1_223' title='bbox 1077 2801 1211 2882; x_wconf 73' lang='grc' dir='ltr'><strong>στήθεα.</strong></span> 
     </span>
    </p>
   </div>
   <div class='ocr_carea' id='block_1_10' title="bbox 280 2903 1443 3134">
    <p class='ocr_par' dir='ltr' id='par_1_10' title="bbox 280 2903 1443 3134">
     <span class='ocr_line' id='line_1_30' title="bbox 362 2903 1373 2990; baseline 0.005 -26"><span class='ocrx_word' id='word_1_224' title='bbox 362 2903 420 2966; x_wconf 87' lang='grc'><strong>195</strong></span> <span class='ocrx_word' id='word_1_225' title='bbox 474 2904 709 2988; x_wconf 79' lang='grc' dir='ltr'><strong>προειρημένῃ]</strong></span> <span class='ocrx_word' id='word_1_226' title='bbox 740 2909 918 2988; x_wconf 79' lang='lat' dir='ltr'><strong>Anonymus</strong></span> <span class='ocrx_word' id='word_1_227' title='bbox 946 2906 1185 2989; x_wconf 70' lang='grc' dir='ltr'><strong>προηγουμένῃ.</strong></span> <span class='ocrx_word' id='word_1_228' title='bbox 1224 2907 1315 2990; x_wconf 88' lang='lat' dir='ltr'><strong>qnod</strong></span> <span class='ocrx_word' id='word_1_229' title='bbox 1346 2918 1373 2968; x_wconf 88' lang='lat' dir='ltr'><strong>et</strong></span> 
     </span>
     <span class='ocr_line' id='line_1_31' title="bbox 280 2987 1443 3075; baseline 0.002 -25"><span class='ocrx_word' id='word_1_230' title='bbox 280 2991 439 3070; x_wconf 84' lang='lat' dir='ltr'><strong>congruit,</strong></span> <span class='ocrx_word' id='word_1_231' title='bbox 461 2989 547 3049; x_wconf 83' lang='lat' dir='ltr'><strong>velut</strong></span> <span class='ocrx_word' id='word_1_232' title='bbox 568 2987 663 3066; x_wconf 87' lang='lat' dir='ltr'><strong>dicat,</strong></span> <span class='ocrx_word' id='word_1_233' title='bbox 685 3009 756 3050; x_wconf 84' lang='lat' dir='ltr'><strong>enm</strong></span> <span class='ocrx_word' id='word_1_234' title='bbox 780 2990 818 3050; x_wconf 88' lang='lat' dir='ltr'><strong>de</strong></span> <span class='ocrx_word' id='word_1_235' title='bbox 839 2990 948 3050; x_wconf 76' lang='lat' dir='ltr'><strong>eisdem</strong></span> <span class='ocrx_word' id='word_1_236' title='bbox 971 3010 1013 3052; x_wconf 81' lang='lat' dir='ltr'><strong>ex</strong></span> <span class='ocrx_word' id='word_1_237' title='bbox 1034 2992 1169 3050; x_wconf 76' lang='lat' dir='ltr'><strong>instituto</strong></span> <span class='ocrx_word' id='word_1_238' title='bbox 1191 2991 1227 3052; x_wconf 90' lang='lat' dir='ltr'><strong>in</strong></span> <span class='ocrx_word' id='word_1_239' title='bbox 1255 3013 1373 3075; x_wconf 85' lang='lat' dir='ltr'><strong>sequen·</strong></span> <span class='ocrx_word' id='word_1_240' title='bbox 1442 3065 1443 3072; x_wconf 8' lang='grc' dir='ltr'>ἵ</span> 
     </span>
     <span class='ocr_line' id='line_1_32' title="bbox 280 3073 534 3134; baseline 0 -2"><span class='ocrx_word' id='word_1_241' title='bbox 280 3074 358 3133; x_wconf 81' lang='lat' dir='ltr'><strong>tibus</strong></span> <span class='ocrx_word' id='word_1_242' title='bbox 377 3073 534 3134; x_wconf 81' lang='lat' dir='ltr'><strong>disseram.</strong></span> 
     </span>
    </p>
   </div>
   <div class='ocr_carea' id='block_1_11' title="bbox 277 3169 1372 3587">
    <p class='ocr_par' dir='ltr' id='par_1_11' title="bbox 277 3169 1372 3587">
     <span class='ocr_line' id='line_1_33' title="bbox 362 3169 1372 3256; baseline 0.002 -24"><span class='ocrx_word' id='word_1_243' title='bbox 362 3170 421 3234; x_wconf 85' lang='grc'><strong>196</strong></span> <span class='ocrx_word' id='word_1_244' title='bbox 463 3169 667 3254; x_wconf 79' lang='grc' dir='ltr'><strong>προττλτοτᾷ]</strong></span> <span class='ocrx_word' id='word_1_245' title='bbox 699 3174 919 3256; x_wconf 76' lang='lat' dir='ltr'><strong>praemoritur,</strong></span> <span class='ocrx_word' id='word_1_246' title='bbox 943 3193 1054 3254; x_wconf 86' lang='lat' dir='ltr'><strong>nempe</strong></span> <span class='ocrx_word' id='word_1_247' title='bbox 1084 3171 1291 3236; x_wconf 82' lang='lat' dir='ltr'><strong>Constantino</strong></span> <span class='ocrx_word' id='word_1_248' title='bbox 1326 3195 1372 3256; x_wconf 82' lang='lat' dir='ltr'><strong>ge-</strong></span> 
     </span>
     <span class='ocr_line' id='line_1_34' title="bbox 278 3254 1372 3358; baseline 0.002 -40"><span class='ocrx_word' id='word_1_249' title='bbox 278 3277 376 3334; x_wconf 89' lang='lat' dir='ltr'><strong>nero,</strong></span> <span class='ocrx_word' id='word_1_250' title='bbox 399 3255 453 3340; x_wconf 91' lang='lat' dir='ltr'><strong>qni</strong></span> <span class='ocrx_word' id='word_1_251' title='bbox 482 3260 705 3352; x_wconf 84' lang='lat' dir='ltr'><strong>imperatorem</strong></span> <span class='ocrx_word' id='word_1_252' title='bbox 729 3254 899 3358; x_wconf 76' lang='lat' dir='ltr'><strong>adlegerat.</strong></span> <span class='ocrx_word' id='word_1_253' title='bbox 939 3257 1003 3316; x_wconf 84' lang='lat' dir='ltr'><strong>eius</strong></span> <span class='ocrx_word' id='word_1_254' title='bbox 1035 3255 1170 3338; x_wconf 87' lang='lat' dir='ltr'><strong>reliquas</strong></span> <span class='ocrx_word' id='word_1_255' title='bbox 1193 3276 1244 3319; x_wconf 81' lang='lat' dir='ltr'><strong>rea</strong></span> <span class='ocrx_word' id='word_1_256' title='bbox 1266 3279 1372 3342; x_wconf 86' lang='lat' dir='ltr'><strong>prose·</strong></span> 
     </span>
     <span class='ocr_line' id='line_1_35' title="bbox 278 3339 1371 3438; baseline 0.002 -38"><span class='ocrx_word' id='word_1_257' title='bbox 278 3341 401 3438; x_wconf 79' lang='lat' dir='ltr'><strong>quitur</strong></span> <span class='ocrx_word' id='word_1_258' title='bbox 407 3341 576 3403; x_wconf 77' lang='lat' dir='ltr'><strong>Vaticanus</strong></span> <span class='ocrx_word' id='word_1_259' title='bbox 601 3339 825 3417; x_wconf 87' lang='lat' dir='ltr'><strong>continuator,</strong></span> <span class='ocrx_word' id='word_1_260' title='bbox 847 3339 900 3422; x_wconf 91' lang='lat' dir='ltr'><strong>qni</strong></span> <span class='ocrx_word' id='word_1_261' title='bbox 932 3347 963 3400; x_wconf 90' lang='lat' dir='ltr'><strong>et</strong></span> <span class='ocrx_word' id='word_1_262' title='bbox 982 3339 1046 3420; x_wconf 87' lang='lat' dir='ltr'><strong>ipse</strong></span> <span class='ocrx_word' id='word_1_263' title='bbox 1068 3340 1099 3398; x_wconf 90' lang='lat' dir='ltr'><strong>in</strong></span> <span class='ocrx_word' id='word_1_264' title='bbox 1124 3343 1266 3404; x_wconf 86' lang='lat' dir='ltr'><strong>Romano</strong></span> <span class='ocrx_word' id='word_1_265' title='bbox 1291 3343 1371 3404; x_wconf 89' lang='lat' dir='ltr'><strong>Con-</strong></span> 
     </span>
     <span class='ocr_line' id='line_1_36' title="bbox 277 3422 1371 3505; baseline 0 -21"><span class='ocrx_word' id='word_1_266' title='bbox 277 3424 403 3485; x_wconf 83' lang='lat' dir='ltr'><strong>stantini</strong></span> <span class='ocrx_word' id='word_1_267' title='bbox 424 3424 488 3484; x_wconf 89' lang='lat' dir='ltr'><strong>filio</strong></span> <span class='ocrx_word' id='word_1_268' title='bbox 512 3426 597 3486; x_wconf 86' lang='lat' dir='ltr'><strong>titum</strong></span> <span class='ocrx_word' id='word_1_269' title='bbox 629 3422 807 3505; x_wconf 82' lang='lat' dir='ltr'><strong>abrumpit,</strong></span> <span class='ocrx_word' id='word_1_270' title='bbox 828 3423 892 3484; x_wconf 83' lang='lat' dir='ltr'><strong>sive</strong></span> <span class='ocrx_word' id='word_1_271' title='bbox 913 3423 978 3486; x_wconf 84' lang='lat' dir='ltr'><strong>eins</strong></span> <span class='ocrx_word' id='word_1_272' title='bbox 999 3431 1099 3484; x_wconf 86' lang='lat' dir='ltr'><strong>totam</strong></span> <span class='ocrx_word' id='word_1_273' title='bbox 1123 3425 1289 3487; x_wconf 78' lang='lat' dir='ltr'><strong>historiam</strong></span> <span class='ocrx_word' id='word_1_274' title='bbox 1314 3447 1371 3489; x_wconf 88' lang='lat' dir='ltr'><strong>uon</strong></span> 
     </span>
     <span class='ocr_line' id='line_1_37' title="bbox 278 3505 914 3587; baseline 0.002 -19"><span class='ocrx_word' id='word_1_275' title='bbox 278 3508 426 3587; x_wconf 86' lang='lat' dir='ltr'><strong>absolvit,</strong></span> <span class='ocrx_word' id='word_1_276' title='bbox 447 3509 512 3570; x_wconf 80' lang='lat' dir='ltr'><strong>sive</strong></span> <span class='ocrx_word' id='word_1_277' title='bbox 533 3507 632 3570; x_wconf 80' lang='lat' dir='ltr'><strong>codex</strong></span> <span class='ocrx_word' id='word_1_278' title='bbox 652 3507 778 3568; x_wconf 83' lang='lat' dir='ltr'><strong>mutilus</strong></span> <span class='ocrx_word' id='word_1_279' title='bbox 800 3505 914 3569; x_wconf 82' lang='lat' dir='ltr'><strong>existit</strong></span> 
     </span>
    </p>
   </div>
   <div class='ocr_carea' id='block_1_12' title="bbox 0 0 1454 4904">
    <p class='ocr_par' dir='ltr' id='par_1_12' title="bbox 0 0 1454 4904">
     <span class='ocr_line' id='line_1_38' title="bbox 0 0 1454 4904; baseline 0 0"><span class='ocrx_word' id='word_1_280' title='bbox 0 0 1454 4904; x_wconf 95' lang='lat' dir='ltr'><strong> </strong></span> 
     </span>
    </p>
   </div>
   <div class='ocr_carea' id='block_1_13' title="bbox 1443 2428 1448 3040">
    <p class='ocr_par' dir='ltr' id='par_1_13' title="bbox 1443 2428 1448 3040">
     <span class='ocr_line' id='line_1_39' title="bbox 1443 2428 1448 3040; baseline 0 0"><span class='ocrx_word' id='word_1_281' title='bbox 1443 2428 1448 3040; x_wconf 95' lang='lat' dir='ltr'><strong> </strong></span> 
     </span>
    </p>
   </div>
  </div>
 </body>
</html>
