2882 4894
259 389 331 468 148
548 363 723 478 [mosis
751 361 1048 476 outuuarrcrl

255 557 315 618 θεν
348 549 488 631 α’ξίοιμα,
526 545 648 617 εόθέως
682 542 822 623 ἐκείρατο
844 536 900 623 τήν
921 535 1021 624 κόμην
1040 541 1096 605 καί
1113 537 1146 605 τό
1167 542 1285 624 γένειον
1303 543 1343 630 τῷ

255 651 410 738 βασιλικῷ
443 644 595 730 σχήματι.
646 639 727 723 μετά
752 643 787 705 δέ
813 663 885 704 τινα
912 639 1029 723 χρόνον
1058 637 1233 726 στρατηγόν
1252 639 1344 704 αότὸν

254 750 310 816 τόν
333 751 475 828 Κρίσπον
496 742 724 815 Καππαδοκίας
743 741 886 823 ἐποίησεν
906 736 923 800 ό
943 735 1105 822 βασιλεύς,
1126 740 1290 804 άπόστειλε
1311 740 1344 803 δὲ

255 846 546 934 φιλοφρονούμενος
564 839 664 906 αύτόν
685 840 864 919 πάμπολλα.
887 835 956 902 ἐκεῖ
967 841 1072 904 τοίνυν
1094 836 1243 903 deesses
1263 838 1345 900 ε’λσι-
1388 873 1391 884 ·

256 946 344 1030 δόρει
360 941 557 1025 Ἡράκλειον,
578 941 635 1004 καί
651 938 825 1021 α’νταρσίαν
845 935 976 1018 όμελότα
996 941 1067 1002 κατ’
1088 935 1199 1002 adseri.
1243 935 1365 1008 stades

256 1050 293 1112 δὲ
320 1047 354 1110 ἐν
388 1037 719 1108 Κωνσταυτινουπόλει
749 1036 811 1122 ἔφη
848 1033 927 1118 πρός
961 1034 1058 1102 αότόν
1087 1037 1286 1122 όβασιλεύς,
1306 1035 1344 1102 τά

254 1151 323 1212 κατ’
353 1144 453 1208 αότού
474 1141 674 1223 γεγραμμένα
697 1138 822 1220 κρατοῦν
851 1133 906 1200 ε’πί
924 1133 1062 1222 χάρτου,
1084 1135 1139 1201 καί
1157 1135 1297 1218 κρούσας
1316 1138 1347 1202 όν
1430 1175 1431 1202 ι

256 1249 296 1331 τῇ
316 1245 439 1328 κεφαλῇ
466 1240 568 1303 αότοό
596 1236 649 1302 ἐπὶ
667 1239 724 1321 τῆς
746 1231 921 1319 συγκλήτου
941 1232 1003 1322 ἔφη
1035 1239 1244 1321 δίταλαίποορε,
1267 1259 1348 1320 γαμ-
1430 1293 1431 1300 ,

255 1341 335 1426 βρόν
357 1343 414 1410 osia
435 1341 602 1422 ἐποίησας,
633 1337 688 1400 καί
717 1336 785 1410 πῶς
813 1327 853 1398 dv
874 1337 967 1420 φιλον
994 1337 1102 1420 άληθῆ
1134 1329 1300 1419 ποιήσειας
1310 1336 1348 1416 ;''

256 1437 327 1506 εἶτα
347 1435 495 1524 κλήρικόν
527 1435 625 1500 αὐτόν
655 1433 789 1518 ποιήσας
809 1435 844 1498 όν
871 1433 911 1520 τῇ
928 1435 1010 1521 μονή
1030 1435 1085 1519 τῆς
1103 1433 1212 1520 χώρας
1233 1432 1382 1521 sceptri-10

256 1565 354 1627 ρισεν,
378 1544 411 1604 ὲν
429 1530 452 1626 ᾗ
470 1538 526 1600 καί
546 1533 754 1618 ἐτελεύτησεν.

343 1635 383 1706 Οἱ
407 1639 442 1702 δὲ
463 1641 592 1719 Πέρσαι
616 1636 795 1716 παρέλαβον
818 1629 873 1715 τήν
885 1629 1117 1698 Καππαδοκίαν
1137 1635 1193 1698 καί
1213 1629 1349 1718 τήνΔα-

256 1736 380 1822 μασκόν
399 1735 454 1801 καί
481 1732 539 1819 τήν
560 1735 781 1817 Παλαιστίνην
811 1732 865 1796 καί
883 1729 940 1816 τήν
962 1732 1056 1815 tyras
1076 1729 1176 1817 πόλιν,
1197 1733 1254 1797 καί
1271 1738 1349 1796 πολ·
1431 1771 1432 1790 2

256 1837 316 1914 λάς
336 1833 499 1922 μυριάδας
517 1831 571 1898 διό
592 1830 702 1916 χειρός
722 1836 784 1896 τεόν
802 1831 964 1896 Ἰουδαίων
976 1830 1195 1916 Χριστιανούς
1218 1833 1349 1917 άνεῖλον,

256 1937 510 2025 ᾑχμαλιότευσαν
540 1935 576 1996 δὲ
604 1930 659 1995 καί
682 1935 852 2014 Ζαχαρίαν
876 1931 932 1996 τόν
952 1928 1155 2016 πατριάρχήν
1175 1927 1384 2013 ‘leprosas-15

256 2059 350 2118 μων,
380 2033 435 2098 καί
457 2032 496 2096 τὰ
516 2033 606 2112 τίμια
628 2029 705 2108 ξύλα
732 2028 845 2112 ἔλαβον
871 2031 928 2095 καί
954 2031 987 2093 όν
1008 2033 1148 2112 Περσίδι
1168 2024 1349 2114 άπήγαγον·
1432 2081 1433 2088 ,

257 2131 410 2208 τόσαύτως
441 2134 621 2216 παρέλαβον
643 2128 807 2212 Αἴγυπτον
835 2127 889 2193 καί
909 2126 1039 2214 Λιβύην
1069 2131 1125 2194 καί
1151 2132 1212 2205 ἓως
1231 2135 1352 2196 Λίθον·
1432 2197 1433 2200 ¹

256 2234 351 2316 πίας,
371 2226 469 2315 ήλθον
491 2233 526 2294 δὲ
548 2231 603 2294 καί
632 2231 692 2303 ἕως
715 2226 935 2311 Καλχηδόνος,
952 2226 1007 2292 καί
1024 2225 1141 2312 ταύτην
1162 2233 1352 2312 παρέλαβον.

258 2334 423 2396 α’πέστειλε
445 2331 481 2394 δὲ
512 2325 529 2391 ό
549 2325 700 2410 βασιλεύς
722 2323 909 2410 Ἡράκλειος
934 2331 1082 2412 πρέσβεις
1103 2325 1184 2412 πρός
1205 2325 1352 2413 Χοσρόην

258 2429 440 2511 αἰτούμενος
466 2427 607 2512 εἰρήνην·
658 2425 731 2491 ὅδὲ
754 2425 883 2501 τούτους
914 2429 1121 2509 οίπεπέμψατο
1151 2425 1283 2512 εἰρηκώς
1306 2429 1387 2494 “siat
1433 2479 1434 2488 ,

257 2527 429 2614 α’ρυήσεται
453 2526 469 2591 ό
490 2525 640 2609 βασιλεύς
656 2525 745 2606 ὑμῶν
764 2522 818 2591 τόν
838 2525 1079 2611 ἐσταυρωμένον
1101 2528 1157 2592 καί
1175 2520 1351 2612 προσκυνή.
1433 2583 1434 2586 ,

257 2652 308 2695 σει
330 2630 373 2714 τῷ
392 2625 479 2714 ήλίῳ,
500 2619 581 2690 ποιιό
602 2621 756 2710 εἰρήνην.”
800 2621 1050 2708 ἐπεστράτευσαν
1069 2629 1106 2690 δὲ
1125 2623 1182 2691 καί
1201 2624 1235 2692 οἱ
1254 2628 1351 2710 >ltd-
1433 2695 1434 2700 ,

258 2751 325 2810 ρεις
348 2725 426 2788 κατά
455 2729 508 2809 τής
533 2725 662 2800 πόλεως.
712 2723 805 2799 εἰδώς
829 2727 865 2788 δὲ
883 2723 1071 2809 Ἡράκλειος
1093 2723 1166 2802 τούς
1190 2731 1351 2812 περιέχον·

261 2849 319 2902 τας
342 2825 430 2913 αόττβ
450 2821 648 2908 πανταχόθεν
676 2827 850 2907 πολέμους,
878 2825 1043 2889 ἀπέστειλε
1065 2822 1146 2910 πρός
1165 2825 1283 2904 αύτούς
1305 2830 1350 2893 εί.

263 3107 386 3177 Crispum
405 3105 591 3176 Cappadociae
611 3107 705 3159 ducem
720 3107 785 3159 fecit
805 3123 864 3173 rex,
882 3108 956 3161 misit
973 3115 1062 3162 autem
1084 3127 1145 3162 eum
1158 3109 1277 3178 benigne
1294 3118 1348 3164 tra·

263 3189 372 3231 etatum.
409 3179 476 3230 illuc
496 3177 628 3231 decedens
646 3179 787 3230 maledixit
805 3179 929 3230 Heraclio
950 3188 979 3232 et
998 3180 1161 3234 seditionem
1178 3191 1271 3234 contra
1288 3199 1348 3234 eum

261 3250 433 3304 moliebatur.
470 3251 581 3302 veniens
606 3258 695 3300 autem
724 3250 978 3320 Constantinopolin
1002 3259 1094 3304 contra
1120 3267 1182 3302 eum
1206 3252 1276 3305 dixit
1295 3270 1348 3316 rex,

262 3339 293 3373 ea
313 3328 491 3392 quascontra
521 3321 692 3389 errmscripta
724 3327 816 3380 erant,
835 3322 863 3372 in
888 3321 979 3374 charta
1000 3328 1096 3376 tenens
1119 3329 1148 3374 et
1167 3332 1249 3393 caput
1265 3324 1348 3392 ipsius

260 3393 391 3462 plangens
405 3395 433 3442 in
451 3401 556 3442 senatu.
593 3392 718 3452 “miser,'’
737 3391 836 3460 inquit,
856 3398 1002 3458 “generum
1018 3409 1075 3444 non
1095 3392 1193 3456 fecisti,
1212 3394 1346 3464 quomodo

260 3481 351 3514 verum
381 3464 494 3512 amicum
521 3461 655 3513 seceris?'’
698 3461 796 3512 deiude
824 3461 952 3514 clericum
978 3462 1079 3514 sactum
1099 3465 1129 3515 in
1156 3467 1347 3517 monasterium

261 3543 349 3585 terrae
367 3549 427 3584 eum
447 3533 590 3600 ablegavit,
609 3531 655 3582 ubi
673 3540 791 3584 mortuus
810 3539 859 3582 est.
1105 3540 1109 3544 '

331 3606 424 3655 Persae
450 3610 582 3672 ceperunt
609 3601 808 3671 Cappadociam
836 3609 865 3654 et
890 3603 1049 3654 Damascum
1078 3611 1107 3656 et
1124 3603 1301 3658 Palaestinam
1320 3610 1348 3657 et

261 3675 354 3726 urbem
378 3690 478 3726 sacram
498 3674 639 3743 multaque
665 3673 753 3724 millia
769 3672 979 3724 Christianorum
1005 3690 1055 3745 per
1073 3675 1185 3729 ludaeos
1204 3677 1348 3729 intersece-

261 3755 333 3808 runt,
352 3753 482 3814 ceperunt
509 3761 571 3798 vero
591 3745 671 3797 etiam
689 3742 839 3794 Zachariam
862 3743 1041 3812 patriercham
1059 3745 1302 3814 Hierosolymorum
1320 3754 1348 3798 et

260 3816 333 3883 ligna
351 3832 424 3867 secra
443 3822 518 3884 rapta
546 3816 575 3866 in
593 3813 729 3866 Persidem
746 3814 930 3879 abstulerunt3
956 3813 1051 3866 eadem
1078 3817 1182 3870 ratione
1201 3821 1347 3889 Aegyptum

261 3894 290 3937 et
306 3887 417 3951 Libyam
434 3903 520 3956 usquo
543 3883 578 3936 ad
595 3883 766 3955 Aethiopiam
793 3894 989 3955 expugnarunt,
1005 3897 1194 3958 veneruntque
1213 3905 1295 3960 usque
1312 3886 1348 3938 ad

260 3956 458 4008 chalcedonem
481 3972 594 4026 eamque
612 3965 750 4026 oeperunt.
788 3957 862 4006 misit
890 3956 1029 4008 Heraclius
1049 3975 1097 4010 rex
1115 3975 1194 4012 senes
1211 3960 1245 4011 ad
1266 3959 1348 4012 Choa-

260 4042 344 4089 roem,
362 4029 409 4096 qui
429 4044 519 4096 paoem
538 4035 672 4096 peterent.
708 4026 758 4078 illo
774 4043 838 4078 vero
860 4043 905 4078 eos
924 4029 1030 4080 remisit
1047 4028 1156 4082 dicens:
1178 4033 1220 4082 “si
1241 4048 1285 4083 rex
1299 4046 1347 4080 se-

260 4107 318 4150 ater
335 4098 489 4149 crucifixum
520 4097 635 4160 deseret,
660 4106 689 4150 et
709 4098 796 4148 solum
815 4097 998 4160 venerabitur,
1017 4115 1110 4168 paoem
1131 4101 1252 4153 saciam.”
1285 4116 1347 4170 pro-

260 4169 326 4220 iecti
348 4177 410 4222 siant
429 4185 492 4220 vero
511 4171 592 4220 etiam
611 4169 696 4222 Avari
709 4176 802 4220 contra
822 4168 926 4220 urbem.
963 4169 1111 4234 Heraclius,
1130 4189 1212 4242 quum
1232 4171 1348 4240 undique

260 4258 290 4294 se
309 4240 385 4292 bello
412 4240 619 4295 circumventum
650 4237 763 4304 videret,
781 4237 854 4292 misit
871 4239 906 4294 ad
925 4255 990 4306 eoa,
1007 4242 1064 4312 {qui
1093 4259 1187 4315 pacem
1210 4249 1344 4315 peterent,

356 4470 364 4502 l
