2882 4894
395 357 764 450 cauouoenraun.

143 529 158 597 »i
175 529 312 590 πολύτιαις
328 533 465 599 βασίλεια,
482 536 530 586 καλ
550 532 564 600 ἡ
585 533 701 598 δείξασα
717 541 807 611 λοχείη

181 617 219 677 ὥς
233 611 347 690 ἀγαθὸν
364 621 468 674 τελίδει
484 624 533 674 καλ
555 624 774 696 πολυκοιρανίη,
830 657 834 668 ·

144 711 234 778 κεῖμαι
255 699 309 762 σὺν
324 708 450 760 τεκέεσσι
466 711 514 760 καὶ
533 705 653 782 ἡμετέρῳ
673 715 845 786 παρακοίτῃ,

180 791 268 864 δῆμον
284 789 439 866 α’τασθαλίη
460 798 510 848 καλ
525 800 613 869 μανίη
632 799 773 868 στρατιῆς.

144 880 220 946 ἔτλην
236 879 286 945 τῆς
300 877 415 949 Ἑκάβης
432 874 503 936 πολὺ
518 887 646 953 χείρονα,
664 885 710 950 τῆς
723 882 871 954 Ἰοκάστης.

183 968 215 1019 αἲ
231 965 265 1019 αἲ
279 965 326 1032 της
341 967 447 1036 Νιόβης
463 969 586 1040 ἔμπνοός
602 975 661 1043 ελμι
673 973 762 1032 νέκυς.

142 1058 189 1112 ναί
204 1057 254 1109 ναλ
271 1049 321 1111 τὸν
337 1059 460 1125 μενέτην.
494 1059 524 1109 τί
548 1055 641 1129 μάτην
667 1053 703 1112 ari
723 1053 828 1132 νεογνὰ
849 1063 986 1126 ἔκτειναν,

184 1139 350 1212 ἀνθρώπων
366 1147 463 1208 κακίης
480 1142 569 1214 μηδὲν
589 1147 781 1219 {usurariam

142 1226 283 1302 ἡμετέροις
300 1229 447 1282 πετάλοισι
464 1231 614 1292 κατάσκιος
630 1233 722 1290 οδκέτι
736 1234 840 1309 Ῥώμη·

51 1312 68 1365 ll
183 1315 247 1389 ῥίζα
263 1310 321 1388 γὰρ
342 1314 463 1384 ἐκλάσθη
485 1321 626 1391 Θρηϊκίας
643 1319 768 1394 ἀνέμοις.

119 1410 233 1484 ”aaron
255 1421 292 1482 δὲ
316 1417 507 1496 attremit,
538 1419 784 1507 δαοκειράμενος
804 1425 859 1488 κατ’
877 1419 1053 1508 ἱερωσύνην
1073 1429 1133 1489 λα-

71 1518 123 1598 iric,
143 1521 175 1583 ἒν
193 1517 422 1604 Χρυσουπόλτι
439 1521 592 1584 διατελῶν
611 1519 740 1604 ἡσύχως
760 1522 951 1608 ἐτελεύτησε.
995 1522 1049 1587 κατ’
1068 1525 1130 1588 α’πό

71 1615 116 1680 τότε
132 1619 168 1681 ον’
187 1620 309 1682 διέλιπε
321 1621 359 1708 τῇ
372 1621 514 1708 πολιτείη
525 1619 759 1703 δυστυχήματα
770 1628 895 1687 ποικιλα
909 1646 942 1688 τε
962 1622 1017 1688 κατ’
1037 1620 1134 1688 sutt-

72 1720 140 1797 ληλο·
184 1711 260 1780 ὅτε
281 1714 352 1802 ,γὰρ
373 1716 521 1802 Χοσρόης
550 1717 567 1782 ὅ
597 1723 728 1806 Πέρσης
758 1722 815 1804 τὴν
845 1720 970 1807 εἰρήνην
997 1725 1134 1807 διέλυσε,

50 1817 107 1878 15τοί
116 1814 259 1900 Ἀβὰρεις
279 1814 337 1900 τήν
359 1815 485 1904 Θρᾴκην
513 1815 659 1902 ἐδὴωσαν
680 1823 736 1885 κατ’
756 1814 854 1908 ἄμφω
873 1822 914 1886 τὰ
937 1821 1135 1906 στρατόπεδα

71 1918 114 1977 τῶν
135 1917 304 1996 Ῥωμαίων
334 1918 542 2002 διέφθειραν,
569 1917 625 1982 καλ
649 1917 772 2002 χειμτδν
800 1920 981 2005 βαρύτατος
1009 1920 1136 2007 γεγόνει

71 2006 130 2078 riute
146 2019 284 2098 παγῆναι
303 2013 361 2097 τὴν
381 2013 551 2082 θάλασσαν
580 2021 635 2082 κατ’
653 2016 727 2095 caric
748 2018 866 2102 ἰχθύας
887 2017 1051 2087 τεθνάναι.

130 2114 327 2198 Ποιήσαντος
347 2118 383 2178 δὲ
402 2117 505 2179 aaron
519 2113 655 2202 ἱππικόν,
676 2117 732 2182 καὶ
751 2123 790 2205 τῇ
801 2112 917 2207 ἕσπέρην
938 2123 1042 2208 πολλῷ
1063 2118 1137 2207 οἴνῳ

71 2218 245 2297 χρησομένου
268 2213 323 2278 καὶ
334 2214 711 2298 βραδύνοντοςτίνελθεῖν,
732 2215 893 2303 ἔκραζενὸ
916 2219 1014 2301 δῆμος
1039 2215 1139 2283 “οἲνα’-

48 2317 146 2376 attritu
166 2313 305 2377 Φωκᾶ·”
356 2312 401 2398 μὴ
430 2315 636 2398 ἐξερχομὲνον
666 2319 702 2382 δὲ
721 2317 822 2380 αδτοῦ
850 2315 962 2398 τάχιον
977 2315 1057 2400 πρὸς
1078 2315 1137 2400 τήν
1188 2343 1192 2350 ·

70 2413 130 2474 liar
147 2410 205 2498 ἔφη
232 2408 249 2474 ὅ
286 2414 383 2497 δῆμος
409 2409 525 2478 “arilw
545 2413 600 2479 τὸν
627 2419 742 2479 καὸκον
762 2413 857 2499 ilaec,
877 2416 970 2480 πάλιν
989 2413 1044 2480 τδν
1060 2419 1136 2480 νοῦν

72 2507 244 2586 incitatur?
285 2515 336 2598 ἐφ’
357 2505 402 2589 οἷς
420 2513 677 2593 μανελςπολλοδς
696 2516 915 2600 η’κρατηρίασε
940 2517 995 2579 κατ’
1013 2509 1137 2578 πολλῶν

71 2612 185 2695 κεφαλὰς
205 2613 350 2696 ἀπέτεμε.
371 2615 428 2678 τοῦ
449 2605 610 2697 δὲ,ὄ’χλου
632 2617 696 2700 πῦρ
720 2615 764 2692 εἷς
785 2613 821 2680 τὸ
842 2615 1035 2702 πραιτώριον
1055 2610 1136 2696 βαλ-

195 2889 289 2944 λίλιοιίι
309 2889 425 2942 fecunda
444 2889 537 2959 regina
560 2897 589 2944 et
607 2907 676 2960 quae
695 2892 802 2944 ostendi
821 2893 952 2963 pariendo

227 2961 329 3012 bouum
351 2978 409 3012 esse
427 2963 506 3013 etiam
528 2961 670 3012 multorum
689 2963 831 3031 imperium

195 3037 270 3086 iaceo
289 3048 350 3082 cum
364 3032 456 3082 liberis
475 3041 623 3102 nostroque
643 3036 738 3084 marito

228 3103 326 3171 populi
345 3102 446 3154 scelere
465 3110 493 3155 et
512 3104 643 3155 exercitus
666 3103 766 3154 surore.

194 3189 322 3245 perpessa
342 3191 399 3224 sum
418 3174 504 3226 multo
525 3175 617 3242 peiora
634 3173 744 3225 Hecuba
763 3180 791 3223 et
807 3174 910 3224 Iocasta

228 3243 283 3294 beu
303 3242 356 3294 heu
375 3244 476 3296 Niobes
494 3245 640 3295 animatum
659 3261 754 3312 corpus
772 3260 838 3294 sarm.

194 3313 263 3383 proh
280 3313 401 3383 patrem!
422 3313 489 3384 quid
507 3316 686 3384 nequicquam
703 3313 820 3366 infantes
837 3311 1031 3366 interfecerunt

227 3385 368 3435 bominum
386 3386 562 3452 malignitatis
582 3383 702 3436 inscios?

195 3455 294 3506 nostris
316 3455 389 3507 soliis
410 3473 548 3524 nunquam
571 3455 740 3506 inumbratur
759 3457 854 3507 Roma:

229 3525 306 3577 radia
325 3527 396 3578 eninr
414 3526 536 3578 Thraciis
559 3528 643 3578 ventis
667 3527 750 3578 fracta
771 3534 820 3576 est.
877 3529 881 3537 '

127 3625 359 3700 laclePbilippicns
380 3638 474 3682 tonsus
493 3639 521 3680 et
541 3629 664 3681 sacerdos
682 3631 768 3680 lactus
778 3629 936 3697 chrysopoli
947 3628 1038 3679 virens
1057 3633 1132 3676 tran·

74 3693 141 3757 qullle
158 3709 273 3752 mortuns
292 3710 344 3752 est.
380 3711 462 3770 atque
480 3699 545 3752 inde
566 3717 599 3751 ex
618 3700 669 3750 boc
690 3709 811 3768 ternpore
829 3717 885 3750 non
904 3699 1073 3765 reliquerunt
1092 3697 1134 3746 ci·

73 3764 161 3820 uitatem
178 3772 339 3824 calamitates
356 3773 445 3822 variae
466 3781 494 3822 et
511 3773 665 3823 continuae.
700 3770 833 3821 Cbusroe's
850 3769 922 3821 enim
942 3769 1019 3818 Persa
1040 3783 1134 3834 pacem
1152 3799 1155 3808 ·

75 3837 138 3900 rupit,
153 3848 178 3891 et
195 3844 271 3896 Avari
288 3843 430 3894 Thraciam
454 3850 641 3904 vastaverunt,
667 3849 695 3892 et
712 3849 856 3908 utrumque
873 3839 1017 3891 exercitum
1036 3841 1134 3888 Ruma-

74 3917 151 3984 aarum
167 3914 337 3980 attriverunt,
367 3913 453 3966 biems
479 3915 562 3965 etiam
580 3913 733 3981 gravissima
760 3919 826 3975 erat,
848 3921 878 3962 ut
894 3925 965 3962 mare
984 3909 1087 3976 gelaret
1107 3917 1135 3962 et

74 3980 146 4040 pratea
162 3993 332 4036 morerentur.

131 4049 213 4118 Quum
229 4055 391 4106 instituisset
415 4069 521 4105 cursum
545 4069 696 4122 equorum,
715 4053 822 4121 vesperi
840 4057 929 4102 autem
949 4050 1063 4101 multum
1080 4049 1139 4102 vini

77 4109 170 4172 bibisset
186 4132 211 4174 et
229 4125 322 4192 egredi
336 4131 514 4187 cunctaretur,
532 4125 656 4174 clamavit
673 4123 790 4192 populus
808 4130 902 4188 “surge
917 4121 1036 4172 Pherae
1055 4137 1139 4189 quum

77 4197 127 4267 vero
143 4207 192 4244 non
211 4196 325 4248 celerius
345 4195 381 4246 ad
400 4195 583 4266 spectaculum
601 4195 781 4261 egrederetur,
800 4194 916 4262 populus
933 4194 1075 4256 “iterum,''
1095 4192 1138 4240 in-

78 4263 134 4322 lust,
148 4268 266 4318 “caucum
285 4265 397 4331 bibisti,
422 4268 520 4322 iterum
538 4273 656 4320 mentem
678 4263 848 4336 perdidisti.'’
892 4280 946 4334 quo
965 4265 1049 4316 iratus
1066 4261 1138 4316 mul·

124 4371 171 4426 λιι
189 4379 407 4434 (λιιινινιιττίαιτλι
914 4375 948 4427 10
