2834 4898
421 329 789 396 CHRONOGRAPHIA.
1073 329 1142 398 201

79 484 204 570 φύλακος
228 479 270 555 ὥς
291 475 377 560 παρά
407 482 463 566 τῆς
489 479 675 565 Ατληοάστης
695 473 925 564 άπεστάλησαν,
944 481 1092 565 εἰσῆλθον
1114 483 1148 546 ἐν

78 588 110 668 τῷ
128 583 272 668 παλατίιρ,
292 581 348 642 κατ’
368 578 420 643 tet
441 583 497 662 τῆς
519 577 627 670 νυκτὸς
648 578 724 643 κατά
751 579 850 661 πάσης
872 581 927 660 τῆς
949 579 1068 656 πόλεως
1090 578 1148 663 τήν

78 671 264 764 ἄναγ’ὁρευστν
297 678 401 742 αὐτοῦ
426 678 625 762 ἐποιήσαντο,
645 677 719 752 τούς
744 675 887 763 φύλακας
908 680 1148 762 περιστήσαντες

78 783 104 842 ἐν
122 781 162 862 τῷ
179 777 319 864 παλατίῳ
349 778 410 841 τῶν
428 777 620 858 Ἐλευθέραν
647 774 817 862 φυλάττειν
838 768 992 861 Εἰρήνην.Ι
1024 769 1147 860 ὄρθρου

60 881 105 941 stt
121 876 390 958 μεταστειλάμενος
410 875 594 940 άπίλλεισεν
614 873 715 960 ου’τῆν
736 877 770 940 ἑν
789 877 832 962 τῷ
853 880 994 962 παλατίην
1017 878 1073 940 καί
1092 869 1148 939 τά·

76 1005 126 1054 τος
146 979 301 1062 προῆλθεν
332 978 368 1040 ἐν
387 977 427 1063 τῇ
449 974 594 1062 ἐκκλησίην
615 973 668 1039 ε’πί
697 977 739 1064 τῷ
759 978 939 1062 στεφθῆναι
962 974 1017 1040 τὸν
1038 970 1149 1058 άλιτη·

78 1103 142 1163 ρτον,
167 1081 328 1162 Ταρασίου
351 1073 398 1140 ἔτι
424 1073 480 1140 τάν
501 1072 616 1160 θρόνον
636 1078 830 1156 κατέχοντος.

207 1243 372 1317 Νικηφόρος
388 1243 403 1301 ὅ
420 1218 618 1318 άνάράάελφος
633 1242 753 1316 Εἰρήνης
773 1243 788 1300 ὅ
806 1239 863 1300 άπὸ
881 1246 1010 1316 γενικῶν.

147 1359 327 1448 Νικηφόρος
358 1357 374 1428 ὃ
405 1361 623 1450 α’νδράδελφος
649 1359 786 1446 Εἰρήνης
817 1363 1020 1445 ἐβασίλευσεν
1050 1357 1104 1446 ἔτη
1123 1359 1150 1446 η’

53 1466 162 1544 suppar
182 1461 220 1536 θ’.
271 1459 301 1526 οἱ
330 1465 366 1527 ris
399 1455 487 1546 ὄχλοι
512 1467 674 1546 ε’παροῖντο
702 1459 829 1527 uaeris
849 1465 1005 1547 στέφοντα
1027 1458 1151 1526 καὶτὸν

81 1559 262 1646 στερόμενον.
304 1559 501 1647 χρηστότητα
520 1565 554 1627 ts
566 1561 808 1644 ὑποκρινόμενος
829 1561 998 1646 παρηγόρει
1019 1559 1073 1644 τὴν
1092 1564 1151 1640 βα-

81 1662 215 1746 σίλισσαν,
239 1661 282 1735 ὥς
303 1669 408 1728 πᾶσαν
428 1663 526 1746 ου’τῆς
561 1659 742 1726 ἀνάπαυσιν
763 1657 931 1745 ποιήσειεν,
954 1664 985 1726 εἰ
1003 1659 1073 1734 τούς
1092 1664 1152 1743 θη·

81 1759 202 1842 σαυροάς
217 1764 317 1846 αάτῆς
351 1765 596 1847 καταμηνύσετεν
620 1761 713 1846 αὐτῷ.
766 1763 785 1844 ἦ
811 1763 846 1824 δὲ
868 1763 985 1848 συνετῷ
1005 1763 1048 1845 τῷ
1068 1783 1152 1842 ‹ppo-

81 1858 179 1940 ιη’ματι
209 1859 290 1944 πρὸς
319 1859 374 1926 τάν
393 1865 472 1942 χθὲς
494 1864 553 1940 μὲν
584 1863 695 1925 δοῦλον
717 1855 861 1942 ἐπίορκον
882 1859 1019 1942 σήμερον
1042 1862 1078 1923 δὲ
1098 1859 1152 1924 τά.

55 1969 175 2040 15ραννον
195 1959 256 2046 ἔφη
279 1961 359 2042 “s'yoi
380 1964 446 2046 μέν,
472 1955 498 2026 ω’
530 1956 694 2044 άνθρτοπε,
716 1959 794 2024 θεάν
814 1961 980 2043 εὐεργέτην
1004 1959 1152 2044 η’γοῦμαι,

83 2057 124 2121 τὸν
142 2057 310 2140 ὑψάσυντά
331 2084 371 2141 με
406 2063 451 2136 εἰς
472 2061 589 2143 ταύτην
618 2059 673 2143 την
700 2063 885 2143 βασιλείαν,
913 2068 984 2132 ταῖς
1006 2063 1041 2125 δὲ
1060 2062 1153 2140 ε’μοῖς

82 2157 231 2242 ἁμαρτίαις
243 2160 300 2243 την
314 2163 503 2245 καθαίρεσιν
515 2162 634 2245 ἐμαυτῇ
648 2159 829 2244 προσοίσειν.
844 2162 878 2224 ἐν
893 2163 970 2224 πάσι
986 2161 1020 2222 δὲ
1033 2156 1154 2234 τούτοις

82 2255 119 2338 είη
135 2255 165 2322 τά
187 2252 285 2340 ὄνομα
303 2261 414 2342 κυρίου
436 2261 653 2342 εάλογηριὲνον.
702 2261 743 2321 ου’
759 2260 804 2344 μή
829 2262 864 2326 δὲ
885 2253 998 2345 άμνοῇς
1019 2256 1076 2334 τάς
1096 2282 1153 2321 κα.

83 2353 112 2418 τά
131 2360 185 2422 σοῦ
206 2361 402 2442 μηνυθείσυς
424 2382 478 2439 μοι
501 2358 682 2442 ἐπιβουλάς,
711 2353 761 2435 αἷς
776 2362 806 2425 εί
826 2359 1048 2443 συναπήχθην,
1070 2357 1154 2420 οἶκτο-

53 2452 167 2530 sititor
192 2451 279 2538 εἶχον
307 2459 362 2521 τοῦ
384 2457 505 2522 άνελεῖν
526 2482 574 2523 σε.
624 2454 703 2524 άλλά
725 2459 760 2522 τά
791 2460 850 2538 μὲν
872 2467 939 2534 τοῖς
960 2466 1026 2533 σοῖς
1049 2448 1154 2540 ὅρκοις

84 2559 251 2638 πειθομένη,
282 2556 316 2620 τά
340 2560 376 2620 δὲ
406 2561 574 2642 φειδομὲνη
597 2583 673 2642 σου,
701 2560 805 2624 πάντα
826 2555 1155 2642 παρελογισάμην,.τῷ

83 2655 134 2738 tupi
153 2653 312 2720 α’πολοῦαά
333 2680 386 2739 σε,
409 2660 449 2721 δι’
481 2649 520 2720 οὖ
541 2662 683 2738 βασιλεῖς
703 2655 907 2741 βασιλεύουσι
927 2658 981 2722 καί
1002 2657 1155 2720 δυνάσται

83 2754 350 2836 κατεξουσιάζουσι.
405 2760 461 2822 κατ’
491 2755 529 2822 τοὶ
559 2759 615 2822 νῦν
643 2759 686 2834 ὥς
726 2760 841 2842 εάσεβῆ
863 2779 899 2823 σε
931 2759 987 2821 καί
1013 2759 1048 2822 εἰτ
1073 2759 1155 2820 θεοῦ

86 2977 111 3026 ul
128 2978 243 3032 Chalcem
260 2990 394 3035 venerunt
412 2982 568 3034 custodibus
589 2983 718 3052 deceptis,
745 2991 873 3053 tunquam
892 2982 926 3033 ub
946 2984 1065 3050 Augusta
1080 2983 1154 3034 missi

85 3059 165 3114 essent,
183 3053 210 3102 in
237 3053 369 3122 palatium
394 3055 529 3106 intrarunt
547 3061 575 3105 ct
603 3063 683 3106 nocte
703 3071 752 3124 per
774 3063 856 3106 totam
874 3054 966 3106 urbem
987 3071 1047 3105 eum
1067 3053 1153 3122 impo-

85 3129 178 3172 rstorcm
200 3123 412 3187 declaraverunt,
431 3127 524 3194 positis
544 3128 612 3178 circa
624 3123 830 3177 Eleutherorum
848 3125 978 3196 palatium
994 3123 1153 3176 custodibus

85 3189 110 3238 ui
127 3193 215 3245 irenen
233 3195 445 3248 custodiendam.
483 3213 560 3248 mnne
577 3197 718 3247 abductum
745 3213 803 3247 eum
823 3197 852 3248 in
869 3197 971 3266 palatio
990 3195 1108 3258 inclusit,
1125 3201 1154 3246 et

86 3260 113 3343 its
128 3263 152 3313 in
167 3267 313 3386 Terclesians
334 3284 362 3319 se
378 3267 495 3320 contulit
513 3275 544 3320 ut
564 3276 733 3338 peccatorem
752 3276 909 3331 coronaret,
927 3264 1077 3338 patriarcba
1096 3273 1152 3317 tum

87 3339 151 3384 etism
190 3338 284 3388 anesio.

519 3441 694 3494 Nronrnouus.

143 3533 302 3603 Nicephorus
321 3537 411 3587 irenes
431 3537 520 3587 mariti
538 3538 620 3589 frater
638 3529 660 3589 Χ8
676 3553 762 3588 sonos
780 3535 798 3588 9
818 3551 924 3588 menses
939 3535 1067 3604 regnavit,
1103 3551 1154 3607 po-

89 3600 152 3662 pulus
168 3605 401 3673 imprecationibus
420 3617 593 3658 coronantem
611 3616 640 3659 et
659 3617 816 3660 coronatum
835 3616 992 3677 prosecutus
1010 3606 1155 3668 est-simu-

90 3667 137 3750 lsus
153 3675 308 3742 probitatem
329 3679 437 3744 reginae
457 3695 561 3729 omnem
585 3676 808 3750 tranquillitatem
827 3678 958 3748 promisit,
976 3679 998 3728 si
1016 3677 1155 3731 thesaurus

90 3739 130 3790 ubi
146 3745 291 3798 iudicasset.
328 3748 376 3798 illa
392 3757 483 3800 autem
501 3747 527 3799 ei
542 3750 589 3817 qui
602 3747 661 3800 heri
679 3751 802 3818 periurus
814 3765 912 3811 servus,
930 3748 1012 3799 hodie
1026 3757 1155 3814 tyrannus

90 3821 136 3892 erut
153 3813 214 3867 baec
231 3817 300 3870 dixit
320 3818 466 3888 “equidem
483 3820 527 3870 dei
545 3819 679 3872 beneficio
698 3820 777 3871 credo
804 3837 845 3872 me
865 3837 922 3870 esse
941 3819 975 3870 ud
993 3821 1091 3888 regium
1112 3819 1154 3871 di-

91 3891 199 3958 pnttatem
216 3898 343 3948 evectam,
362 3891 429 3940 meis
447 3908 510 3942 vero
529 3889 635 3942 delictis
655 3894 790 3952 meruisse,
814 3899 843 3941 ut
863 3908 896 3942 eo
921 3889 1086 3956 excitierem3
1107 3889 1155 3942 secl

92 3965 113 3998 tn
131 3953 301 4010 hisomnibus
329 3959 431 4011 domiui
459 3979 557 4013 nornen
586 3961 720 4012 inridetur.
755 3980 796 4030 pue
816 3970 905 4012 autern
922 3962 1027 4028 ignores
1045 3962 1181 4013 insidiari

94 4027 140 4072 tuns
158 4027 188 4078 sd
207 4047 246 4080 me
267 4031 351 4080 fuisse
372 4031 484 4094 delatus,
503 4033 600 4102 quibus
619 4034 640 4082 si
655 4033 734 4082 fideus
752 4033 874 4084 iecissem
894 4033 973 4082 facile
993 4039 1020 4084 te
1035 4033 1158 4084 occidere
1212 4035 1215 4047 '

94 4097 232 4160 potuissem
253 4100 300 4150 sed
318 4101 473 4157 iuramentis
492 4105 545 4154 tuis
567 4103 667 4158 confisa
695 4114 722 4153 et
741 4105 789 4154 tibi
813 4120 923 4172 parcens
943 4105 1032 4154 omnis
1052 4104 1159 4170 neglexi

95 4157 135 4214 deo
150 4173 172 4218 ts
191 4170 354 4242 relinquens,
372 4190 420 4242 per
439 4191 517 4244 quem
537 4184 650 4242 regnunt
670 4191 754 4242 roges,
771 4184 799 4227 et
820 4175 954 4245 principos
976 4173 1158 4226 dominantur.
