2814 4898
393 343 763 416 cunonoultteum.
1044 343 1115 417 281

49 499 103 587 “μη“
121 504 263 588 εέαέλδης
293 500 338 571 εἰς
369 496 408 563 τό
430 498 589 583 καρόβιο,
611 503 667 564 καί
685 501 844 586 κρατηθῇς
863 499 950 585 παρὰ
970 497 1118 586 ‘sorana

48 601 63 664 ό
80 601 137 684 γὰρ
159 600 312 682 Σαμωνᾶς
331 594 473 682 irrideres
507 601 549 686 spi
570 604 700 679 βασιλεί
715 601 772 664 τοῦ
793 601 993 686 κροτηθῆναί
1008 623 1044 666 os
1063 599 1120 666 κατ’

48 699 241 784 τυφλωθῆναι
262 699 335 782 παρ’
356 695 486 762 ουἐοὕ.”
533 693 633 762 πολλὰ
656 701 692 762 δέ
711 702 963 782 προτρεπομένου
978 701 1117 785 Ἱμερίου

49 795 230 879 Ανδρόνικον
261 797 415 862 εἰσελθεῖν
445 797 479 860 έν
497 803 562 871 τοῖς
589 802 710 872 πλοίοις
730 797 810 878 μετὰ
841 803 904 864 τῶν
932 801 1160 885 Ἀγαρηνοῖνεο

29 898 247 977 δέπικειμένων.
291 894 422 980 Ἱμέριος
451 897 487 960 δέ
513 893 609 977 μόνος
639 897 674 960 έν
700 895 882 985 η’μέρρτοῦ
901 897 993 982 όγίου
1014 901 1118 980 Θωμᾶ

47 993 207 1076 σομβαλιόν
227 989 362 1077 πόλεμον
392 993 472 1075 μετὰ
504 997 568 1060 τοῖν
584 995 772 1080 Ἀγαρηνῶν·
787 995 924 1082 μεγάλην
941 1003 1029 1082 νίκην
1051 1001 1120 1082 εἰρ-

47 1094 161 1176 γόσατο.
211 1097 305 1160 τοῦτο
323 1091 438 1176 μοθιόν
456 1093 653 1179 Ἀνδρόνικος
679 1095 833 1178 σ’τιογυούς
854 1092 1153 1184 όμασυγγενέσινλ)

47 1187 135 1258 odensi
154 1193 305 1260 ιίπελθοόν
326 1190 495 1280 έκρότηοεν
508 1192 644 1280 κόστρον
665 1191 723 1278 την
736 1192 923 1280 Κόββολαν,
942 1200 987 1272 είς
999 1197 1122 1262 τελείαν
1167 1227 1168 1234 ¹

49 1292 232 1360 ἀποστασίαν
252 1293 368 1376 ἐλθόν,
390 1289 434 1369 ὥς
452 1294 550 1358 εἰπεῖν
568 1293 789 1376 καέΣομοοντῖν
809 1294 890 1378 πρός
910 1295 966 1362 τόν
988 1298 1123 1378 βασιλέα

20 1391 115 1456 tt‘mde
134 1389 261 1476 ἔλεγον,
293 1385 320 1458 τό
342 1394 498 1477 δέσποτα,
528 1391 684 1480 όντόρτην
712 1388 799 1460 εἶναί
820 1417 880 1461 σου
900 1393 954 1460 τόν
973 1396 1122 1473 Δοῦνος”
1175 1405 1177 1409 ’

49 1491 182 1574 rependi
215 1492 395 1561 ἀπέστειλεν
423 1492 440 1558 d
468 1489 619 1574 βασιλεός
645 1495 677 1560 Γ
674 1497 810 1579 ρηγορόν
848 1497 1029 1576 δομέστικον
1059 1494 1123 1559 τῶν

48 1591 166 1676 σχολῶν,
187 1588 240 1658 τόν
263 1593 425 1676 λεγόμενον
447 1593 628 1678 Ἰβηρίτζην,
657 1593 877 1678 συμπενθερόν
898 1586 972 1658 ὄντα
992 1595 1122 1678 Ἀνδρο-

41 1689 134 1768 νίκου,
157 1695 415 1778 καταπολεμῆσαι
441 1687 550 1757 ου’τόν.
602 1689 719 1776 padda
748 1695 784 1758 δέ
803 1697 898 1760 τοῦτο
917 1693 1122 1779 Ἀνδρόνικος,

49 1789 94 1854 κοί
110 1790 151 1868 σός
173 1789 191 1856 ό
212 1789 414 1876 πατριάρχης
423 1788 582 1866 Νικόλαος
600 1793 655 1876 τῆς
667 1793 833 1876 ἐκκλησίας
850 1787 1000 1876 ε’ξεοόσθη,
1023 1794 1220 1878 apoc-eam

21 1887 151 1974 λᾶέρογεν
180 1899 247 1966 τοίς
275 1889 460 1976 Ἆγσρηνοίς
488 1885 556 1972 ἅμα
583 1898 650 1967 τοῖς
677 1895 840 1975 συγγενέσι
857 1894 914 1958 καί
932 1895 1050 1968 τέκνοις
1070 1898 1126 1958 καί

48 1997 101 2064 τοῖς
120 1993 235 2077 φιλοις,
256 1989 459 2076 ἔξεληλυθόσι
482 1987 548 2057 τότε
567 1990 646 2057 aava
666 1989 845 2074 Ῥωμαίων.
887 1989 942 2058 καί
961 1991 1124 2077 ὑπεδέχθη

49 2085 189 2178 capriani
221 2089 406 2176 όμεροομνῇ
430 2091 688 2174 μεγαλοπρεπῶς.
740 2094 882 2158 ἐλυπεῖτο
914 2095 950 2156 δὲ
977 2094 1074 2160 Λέων
1105 2091 1125 2157 δ

48 2187 186 2266 βασιλιός
206 2187 261 2254 διό
284 2190 339 2256 τόν
358 2189 565 2272 Ἀνδρόνικον,
600 2188 656 2256 καί
672 2186 821 2266 πολλάκις
842 2188 1026 2273 ἐβουλεύετο
1047 2192 1125 2254 circo.

49 2293 156 2352 στεῖλαι
182 2285 281 2354 adsta
310 2285 402 2372 λόγον
430 2287 668 2376 ε’νυπόγραρον,
688 2285 708 2352 d
732 2290 795 2354 arui
817 2288 972 2378 Θεόφιλος
993 2285 1047 2356 διό
1067 2289 1124 2357 τόν

20 2386 198 2468 &Maeonii
228 2385 384 2474 ἐποίησεν.
442 2387 728 2470 σουεβουλεόσαντο
759 2390 796 2456 δέ
823 2411 902 2465 τινες
925 2390 968 2474 τῷ
995 2392 1127 2470 βασιλεῖ

50 2488 311 2572 φιλορρονηθῆναί
334 2512 407 2554 τινα
436 2491 498 2554 τοῖν
540 2491 598 2552 τοῦ
625 2490 818 2572 πραιτωρίου
848 2489 1039 2572 §canapeo
1066 2484 1123 2552 κατ’

50 2583 251 2673 ἀποσταλῆναι
275 2589 309 2654 έν
328 2589 429 2678 Συρίη
457 2585 536 2671 μετὰ
570 2588 663 2672 λόγου
692 2589 924 2676 ένοπογροὶφου.
963 2587 1056 2653 τοῦτο
1079 2585 1119 2670 δη

52 2871 241 2938 ιλίυυίπίεττο,
262 2892 295 2927 ex
314 2892 368 2946 qua
387 2876 475 2944 sugam
493 2875 551 2945 ipae
572 2876 733 2944 arripuerat,
763 2872 950 2926 meditabatur.
987 2871 1119 2938 suggessit
1181 2868 1186 2874 ’

52 2952 125 2995 autern
143 2944 248 2996 cuidam
268 2947 316 3016 qni
337 2945 464 2998 scriberet
477 2946 629 3000 Andronico
649 2953 752 2998 secreto
774 2952 828 2996 “ne
848 2960 929 2996 nares
948 2943 1117 3010 ingrediaris.

51 3014 157 3068 neforto
174 3017 288 3086 capiaris
305 3017 339 3068 ab
360 3017 489 3070 Himerio.
525 3017 655 3068 Samonns
678 3019 749 3067 enim
766 3011 898 3084 suggessit
915 3014 1069 3084 imperatori
1088 3021 1118 3066 ut

50 3080 77 3130 ab
97 3101 125 3136 eo
144 3086 352 3156 comprehensus
370 3087 463 3140 oculos
487 3088 646 3140 amitteres.”
680 3087 800 3139 Himerio
818 3085 916 3138 exinde
935 3083 1117 3138 Andronicum
1152 3120 1161 3135 .

51 3154 156 3218 pluribus
184 3157 347 3210 adhortante
373 3168 404 3211 ut
423 3160 514 3211 classis
542 3158 647 3210 adesset
664 3175 752 3210 comes
783 3165 888 3210 etcum
916 3156 1043 3224 Agerenis
1060 3156 1115 3209 ium
1210 3202 1215 3212 ,

51 3223 235 3280 inminentibus
256 3227 420 3292 decertaret,
440 3247 496 3281 non
514 3228 629 3280 admisit.
676 3228 809 3280 Himerius
830 3229 914 3296 igitur
930 3228 1003 3296 solip
1023 3225 1067 3276 die
1085 3225 1114 3276 S.

50 3293 170 3362 Thomm,
198 3299 268 3352 inito
291 3317 351 3352 cnm
370 3301 497 3368 Agarenis
517 3301 635 3369 praelio,
662 3313 785 3368 magnam
803 3298 952 3370 reportavit
967 3295 1114 3348 victoriam.
1225 3336 1232 3356 ,

51 3381 95 3431 quo
110 3369 199 3422 audito
216 3373 247 3422 in
268 3370 481 3441 desperationem
505 3369 636 3422 adductus
655 3369 832 3431 Andronicus,
852 3371 881 3420 in
900 3376 1043 3420 extremam
1064 3367 1115 3418 de·
1142 3384 1149 3403 ·

50 3434 178 3491 tectionem
195 3442 401 3512 praecipitatus,
431 3442 635 3510 consanguineis
663 3441 753 3508 sugam
778 3439 1114 3511 comitantiburbcaatrum

50 3505 179 3562 Gabbalam
195 3515 350 3583 occupavit;
369 3529 402 3565 ex
420 3531 474 3584 quo
486 3515 615 3566 Samonas
633 3511 787 3582 imperatori
805 3504 1004 3579 improperabat
1021 3515 1112 3558 “non-

50 3591 78 3626 ηε
93 3582 278 3648 praedixeram,
300 3585 419 3648 domine,
441 3586 536 3636 ducem
556 3583 695 3636 adversum
720 3591 747 3634 te
762 3580 939 3634 rebellionem
956 3578 1112 3632 meditari?

50 3651 126 3702 statim
142 3669 202 3720 ergo
220 3657 295 3706 misit
313 3655 460 3724 imperator
475 3657 622 3724 Gregoram
642 3653 792 3705 scholarum
809 3651 993 3714 domesticum,
1011 3665 1114 3718 cogno-

50 3731 127 3772 mento
147 3724 320 3789 Hiberiam,
336 3724 483 3778 Andronici
502 3741 690 3789 consocerum,
716 3732 746 3776 ut
765 3741 824 3776 eum
845 3722 1004 3774 debellaret.
1039 3718 1115 3790 quod

50 3802 100 3839 tuns
109 3791 241 3849 didicisset
249 3795 425 3860 Andronicus,
442 3797 619 3848 etNicolnum
633 3793 810 3866 patriarcham
826 3793 860 3844 ab
877 3793 990 3844 ecclesia
1007 3792 1114 3860 pulsum

51 3873 107 3924 esse,
124 3881 172 3916 una
185 3883 244 3918 cum
262 3865 384 3920 affinibus
401 3877 429 3920 et
445 3869 516 3920 natis
531 3877 558 3920 et
571 3866 663 3918 amicis
671 3866 795 3918 fortunae
814 3864 957 3916 comitibus
967 3861 1001 3912 ad
1013 3863 1113 3930 Agara-

51 3943 92 3980 nor
110 3938 238 4006 confugit,
259 3939 307 4008 qui
331 3946 389 3991 tum
408 3941 533 3992 adversus
555 3943 687 3992 Romanos
712 3943 859 3999 moverant,
877 3943 906 3987 ct
921 3933 1061 4001 magnifice
1078 3933 1112 3983 ab

52 4013 184 4059 &utrumne
203 4017 343 4078 susceptus
361 4017 411 4061 est.
447 4009 592 4062 Andronici
608 4025 669 4060 vero
689 4025 768 4060 causa
786 4005 944 4059 tristabatur
959 4006 1114 4074 imperator,

53 4077 76 4118 et
90 4071 174 4130 libello
197 4079 398 4150 subscriptione
423 4082 532 4172 propria
558 4082 664 4131 munito
683 4087 714 4130 ut
736 4079 873 4131 hominem
891 4077 1036 4138 revocar‘et,
1058 4074 1113 4125 sre-

53 4153 149 4206 quanter
164 4151 309 4204 meditatus
337 4151 435 4204 iuerat.
478 4151 644 4220 i'heophilus
661 4157 752 4202 sutem
770 4166 820 4220 per
835 4149 1007 4199 Ernnnuelenr
1025 4147 1114 4198 effecit

51 4233 64 4260 a
76 4235 88 4264 a
102 4239 128 4269 s.
159 4220 338 4279 consulebant
358 4230 448 4278 sutem
472 4221 580 4296 quidam
597 4221 752 4295 imperatori
772 4229 803 4276 ut
824 4219 1016 4274 Saracenorum
1033 4232 1113 4288 prae·
