<?xml version="1.0" encoding="UTF-8"?>
<!DOCTYPE html PUBLIC "-//W3C//DTD XHTML 1.0 Transitional//EN"
    "http://www.w3.org/TR/xhtml1/DTD/xhtml1-transitional.dtd">
<html xmlns="http://www.w3.org/1999/xhtml" xml:lang="en" lang="en">
 <head>
  <title>
</title>
<meta http-equiv="Content-Type" content="text/html;charset=utf-8" />
  <meta name='ocr-system' content='tesseract 3.04.00' />
  <meta name='ocr-capabilities' content='ocr_page ocr_carea ocr_par ocr_line ocrx_word'/>
</head>
<body>
  <div class='ocr_page' id='page_1' title='image "./chronographia01eustgoog_0046.png"; bbox 0 0 2932 4892; ppageno 0'>
   <div class='ocr_carea' id='block_1_1' title="bbox 442 378 1172 455">
    <p class='ocr_par' dir='ltr' id='par_1_1' title="bbox 442 378 1172 455">
     <span class='ocr_line' id='line_1_1' title="bbox 442 378 1172 455; baseline 0.001 -7"><span class='ocrx_word' id='word_1_1' title='bbox 442 379 814 455; x_wconf 65' lang='lat' dir='ltr'><strong>cnuonoounmrs,</strong></span> <span class='ocrx_word' id='word_1_2' title='bbox 845 424 851 432; x_wconf 93' lang='lat'><em>·</em></span> <span class='ocrx_word' id='word_1_3' title='bbox 1123 378 1172 450; x_wconf 80' lang='lat'><strong>35</strong></span> 
     </span>
    </p>
   </div>
   <div class='ocr_carea' id='block_1_2' title="bbox 22 529 1277 2914">
    <p class='ocr_par' dir='ltr' id='par_1_2' title="bbox 22 529 1223 1028">
     <span class='ocr_line' id='line_1_2' title="bbox 158 529 1175 620; baseline 0.002 -22"><span class='ocrx_word' id='word_1_4' title='bbox 158 531 262 611; x_wconf 87' lang='grc' dir='ltr'><strong><em>Ὀζίας</em></strong></span> <span class='ocrx_word' id='word_1_5' title='bbox 285 531 341 596; x_wconf 84' lang='grc' dir='ltr'><strong>καί</strong></span> <span class='ocrx_word' id='word_1_6' title='bbox 360 535 529 619; x_wconf 79' lang='grc' dir='ltr'><strong><em>Ζαχαρίας</em></strong></span> <span class='ocrx_word' id='word_1_7' title='bbox 560 529 629 609; x_wconf 79' lang='grc' dir='ltr'><strong><em>υἷάς</em></strong></span> <span class='ocrx_word' id='word_1_8' title='bbox 648 533 799 614; x_wconf 70' lang='grc' dir='ltr'><strong><em>Ἀμασίου</em></strong></span> <span class='ocrx_word' id='word_1_9' title='bbox 819 533 1025 616; x_wconf 71' lang='grc' dir='ltr'><strong><em>ἐβασίλευσεν</em></strong></span> <span class='ocrx_word' id='word_1_10' title='bbox 1043 529 1097 620; x_wconf 77' lang='grc' dir='ltr'><strong>ἔτη</strong></span> <span class='ocrx_word' id='word_1_11' title='bbox 1118 535 1175 620; x_wconf 99' lang='grc' dir='ltr'><strong>νβ,</strong></span> 
     </span>
     <span class='ocr_line' id='line_1_3' title="bbox 22 627 1176 720; baseline 0.002 -22"><span class='ocrx_word' id='word_1_12' title='bbox 22 637 24 672; x_wconf 83' lang='lat'><strong>¹</strong></span> <span class='ocrx_word' id='word_1_13' title='bbox 96 627 160 717; x_wconf 78' lang='grc' dir='ltr'><strong>άνὴρ</strong></span> <span class='ocrx_word' id='word_1_14' title='bbox 187 631 331 717; x_wconf 74' lang='grc' dir='ltr'><strong><em>ειίσεβης.</em></strong></span> <span class='ocrx_word' id='word_1_15' title='bbox 387 627 521 716; x_wconf 68' lang='grc' dir='ltr'><strong><em>ὕστερον</em></strong></span> <span class='ocrx_word' id='word_1_16' title='bbox 552 633 589 699; x_wconf 75' lang='grc' dir='ltr'><strong>δὲ</strong></span> <span class='ocrx_word' id='word_1_17' title='bbox 615 636 677 698; x_wconf 75' lang='grc' dir='ltr'><strong>τῶν</strong></span> <span class='ocrx_word' id='word_1_18' title='bbox 701 633 802 716; x_wconf 74' lang='grc' dir='ltr'><strong><em>ἁγίων</em></strong></span> <span class='ocrx_word' id='word_1_19' title='bbox 830 635 978 716; x_wconf 78' lang='grc' dir='ltr'><strong>ἐπιβῆναι</strong></span> <span class='ocrx_word' id='word_1_20' title='bbox 1009 639 1176 720; x_wconf 84' lang='grc' dir='ltr'><strong><em>πειραθείς</em></strong></span> 
     </span>
     <span class='ocr_line' id='line_1_4' title="bbox 22 719 1174 819; baseline 0.001 -20"><span class='ocrx_word' id='word_1_21' title='bbox 22 719 26 770; x_wconf 69' lang='lat'><strong>¹</strong></span> <span class='ocrx_word' id='word_1_22' title='bbox 94 733 267 819; x_wconf 78' lang='grc' dir='ltr'><strong><em>λεπροῦται,</em></strong></span> <span class='ocrx_word' id='word_1_23' title='bbox 297 735 354 798; x_wconf 78' lang='grc' dir='ltr'><strong>καί</strong></span> <span class='ocrx_word' id='word_1_24' title='bbox 380 733 526 812; x_wconf 73' lang='grc' dir='ltr'><strong>ἐδίκαζεν</strong></span> <span class='ocrx_word' id='word_1_25' title='bbox 558 734 624 798; x_wconf 76' lang='grc' dir='ltr'><strong><em>ἄντ’</em></strong></span> <span class='ocrx_word' id='word_1_26' title='bbox 654 730 759 797; x_wconf 67' lang='lat' dir='ltr'><strong>adrat</strong></span> <span class='ocrx_word' id='word_1_27' title='bbox 787 730 898 809; x_wconf 79' lang='grc' dir='ltr'><strong><em>δυίάς</em></strong></span> <span class='ocrx_word' id='word_1_28' title='bbox 923 734 1034 799; x_wconf 71' lang='grc' dir='ltr'><strong><em>αὐτοῦ.</em></strong></span> <span class='ocrx_word' id='word_1_29' title='bbox 1075 726 1116 818; x_wconf 72' lang='grc' dir='ltr'><strong>ἦν</strong></span> <span class='ocrx_word' id='word_1_30' title='bbox 1138 736 1174 801; x_wconf 77' lang='grc' dir='ltr'><strong>δὲ</strong></span> 
     </span>
     <span class='ocr_line' id='line_1_5' title="bbox 22 829 1223 918; baseline 0.005 -22"><span class='ocrx_word' id='word_1_31' title='bbox 22 847 23 858; x_wconf 72' lang='lat'><em>²</em></span> <span class='ocrx_word' id='word_1_32' title='bbox 95 833 249 918; x_wconf 82' lang='grc' dir='ltr'><strong><em>α’ρχιερεάς</em></strong></span> <span class='ocrx_word' id='word_1_33' title='bbox 277 835 331 898; x_wconf 79' lang='grc' dir='ltr'><strong><em>ἐπί</em></strong></span> <span class='ocrx_word' id='word_1_34' title='bbox 362 835 467 897; x_wconf 76' lang='lat' dir='ltr'><strong>usitari</strong></span> <span class='ocrx_word' id='word_1_35' title='bbox 481 830 654 916; x_wconf 83' lang='grc' dir='ltr'><strong><em>Ἀζαρίας,</em></strong></span> <span class='ocrx_word' id='word_1_36' title='bbox 685 831 921 918; x_wconf 75' lang='grc' dir='ltr'><strong><em>έπροεφήιευον</em></strong></span> <span class='ocrx_word' id='word_1_37' title='bbox 940 834 976 898; x_wconf 83' lang='grc' dir='ltr'><strong>δὲ</strong></span> <span class='ocrx_word' id='word_1_38' title='bbox 998 831 1177 912; x_wconf 83' lang='grc' dir='ltr'><strong><em>Ἀμάς.ιιαί</em></strong></span> <span class='ocrx_word' id='word_1_39' title='bbox 1220 829 1223 836; x_wconf 61' lang='grc'><strong>’</strong></span> 
     </span>
     <span class='ocr_line' id='line_1_6' title="bbox 22 927 1173 1028; baseline 0.003 -35"><span class='ocrx_word' id='word_1_40' title='bbox 22 965 25 1028; x_wconf 66' lang='lat' dir='ltr'><strong>y</strong></span> <span class='ocrx_word' id='word_1_41' title='bbox 78 932 209 1008; x_wconf 80' lang='grc' dir='ltr'><strong><em>5Ἡσαίας</em></strong></span> <span class='ocrx_word' id='word_1_42' title='bbox 231 931 250 996; x_wconf 83' lang='grc' dir='ltr'><em>ὅ</em></span> <span class='ocrx_word' id='word_1_43' title='bbox 271 929 350 1009; x_wconf 79' lang='grc' dir='ltr'><strong><em>ὐἷάς</em></strong></span> <span class='ocrx_word' id='word_1_44' title='bbox 380 931 481 997; x_wconf 72' lang='grc' dir='ltr'><strong><em>αὐτοῦ</em></strong></span> <span class='ocrx_word' id='word_1_45' title='bbox 509 930 564 997; x_wconf 82' lang='grc' dir='ltr'><strong>καί</strong></span> <span class='ocrx_word' id='word_1_46' title='bbox 582 931 679 1018; x_wconf 78' lang='grc' dir='ltr'><strong><em>Ὠσηὲ</em></strong></span> <span class='ocrx_word' id='word_1_47' title='bbox 701 927 718 994; x_wconf 82' lang='grc' dir='ltr'><strong><em>ά</em></strong></span> <span class='ocrx_word' id='word_1_48' title='bbox 737 934 793 999; x_wconf 82' lang='grc' dir='ltr'><strong>τοῦ</strong></span> <span class='ocrx_word' id='word_1_49' title='bbox 821 935 939 1015; x_wconf 82' lang='grc' dir='ltr'><strong><em>Βενρεί</em></strong></span> <span class='ocrx_word' id='word_1_50' title='bbox 957 934 1012 997; x_wconf 81' lang='grc' dir='ltr'><strong>καί</strong></span> <span class='ocrx_word' id='word_1_51' title='bbox 1028 931 1173 1009; x_wconf 69' lang='lat' dir='ltr'><strong>’imerici</strong></span> 
     </span>
    </p>

    <p class='ocr_par' dir='ltr' id='par_1_3' title="bbox 66 1029 1185 2110">
     <span class='ocr_line' id='line_1_7' title="bbox 93 1029 1176 1118; baseline 0 -22"><span class='ocrx_word' id='word_1_52' title='bbox 93 1036 140 1096; x_wconf 79' lang='lat' dir='ltr'><strong>sori</strong></span> <span class='ocrx_word' id='word_1_53' title='bbox 155 1029 318 1112; x_wconf 79' lang='grc' dir='ltr'><strong><em>Ἀμαθίδ</em></strong></span> <span class='ocrx_word' id='word_1_54' title='bbox 348 1033 384 1097; x_wconf 78' lang='grc' dir='ltr'><strong>ἐν</strong></span> <span class='ocrx_word' id='word_1_55' title='bbox 405 1035 437 1098; x_wconf 88' lang='grc' dir='ltr'>Γ</span> <span class='ocrx_word' id='word_1_56' title='bbox 435 1033 527 1118; x_wconf 86' lang='grc' dir='ltr'><strong><em>οφέρ.</em></strong></span> <span class='ocrx_word' id='word_1_57' title='bbox 580 1030 659 1096; x_wconf 84' lang='grc' dir='ltr'><strong><em>κατά</em></strong></span> <span class='ocrx_word' id='word_1_58' title='bbox 681 1030 813 1108; x_wconf 80' lang='grc' dir='ltr'><em>τούτους</em></span> <span class='ocrx_word' id='word_1_59' title='bbox 846 1029 920 1106; x_wconf 82' lang='grc' dir='ltr'><strong><em>τούς</em></strong></span> <span class='ocrx_word' id='word_1_60' title='bbox 941 1031 1078 1116; x_wconf 88' lang='grc' dir='ltr'><strong><em>χρόνους</em></strong></span> <span class='ocrx_word' id='word_1_61' title='bbox 1099 1039 1176 1098; x_wconf 87' lang='grc' dir='ltr'><strong><em>Λα.</em></strong></span> 
     </span>
     <span class='ocr_line' id='line_1_8' title="bbox 93 1129 1177 1214; baseline 0.006 -22"><span class='ocrx_word' id='word_1_62' title='bbox 93 1131 208 1214; x_wconf 78' lang='grc' dir='ltr'><strong><em>κοῦργος</em></strong></span> <span class='ocrx_word' id='word_1_63' title='bbox 230 1129 489 1212; x_wconf 84' lang='grc' dir='ltr'><strong><em>Λακεδαιμόνιος</em></strong></span> <span class='ocrx_word' id='word_1_64' title='bbox 519 1133 710 1214; x_wconf 71' lang='grc' dir='ltr'><strong><em>ἐνομοθέτει.</em></strong></span> <span class='ocrx_word' id='word_1_65' title='bbox 759 1129 903 1213; x_wconf 83' lang='grc' dir='ltr'><strong><em>Ἰωαθάμ</em></strong></span> <span class='ocrx_word' id='word_1_66' title='bbox 936 1129 952 1196; x_wconf 82' lang='grc' dir='ltr'><strong><em>ὁ</em></strong></span> <span class='ocrx_word' id='word_1_67' title='bbox 982 1129 1053 1207; x_wconf 70' lang='lat' dir='ltr'><strong>viic</strong></span> <span class='ocrx_word' id='word_1_68' title='bbox 1074 1133 1177 1212; x_wconf 88' lang='grc' dir='ltr'><strong><em>Ὀζίοιι</em></strong></span> 
     </span>
     <span class='ocr_line' id='line_1_9' title="bbox 94 1227 1180 1316; baseline 0.004 -23"><span class='ocrx_word' id='word_1_69' title='bbox 94 1232 264 1309; x_wconf 81' lang='grc' dir='ltr'><strong><em>ἐβασιλευσε</em></strong></span> <span class='ocrx_word' id='word_1_70' title='bbox 294 1229 376 1313; x_wconf 84' lang='grc' dir='ltr'><strong><em>μετά</em></strong></span> <span class='ocrx_word' id='word_1_71' title='bbox 412 1228 471 1314; x_wconf 77' lang='grc' dir='ltr'><strong>την</strong></span> <span class='ocrx_word' id='word_1_72' title='bbox 502 1228 649 1314; x_wconf 66' lang='grc' dir='ltr'><strong><em>τελευτάν</em></strong></span> <span class='ocrx_word' id='word_1_73' title='bbox 670 1233 726 1296; x_wconf 78' lang='grc' dir='ltr'><strong>τοῦ</strong></span> <span class='ocrx_word' id='word_1_74' title='bbox 746 1229 868 1314; x_wconf 81' lang='grc' dir='ltr'><strong><em>πατρὸς</em></strong></span> <span class='ocrx_word' id='word_1_75' title='bbox 886 1229 939 1316; x_wconf 74' lang='grc' dir='ltr'><strong>ἔτη</strong></span> <span class='ocrx_word' id='word_1_76' title='bbox 961 1227 1010 1306; x_wconf 87' lang='grc' dir='ltr'><strong><em>ις’.</em></strong></span> <span class='ocrx_word' id='word_1_77' title='bbox 1053 1235 1108 1297; x_wconf 83' lang='grc' dir='ltr'><strong>καί</strong></span> <span class='ocrx_word' id='word_1_78' title='bbox 1125 1231 1180 1298; x_wconf 80' lang='grc' dir='ltr'><strong><em>ἐπί</em></strong></span> 
     </span>
     <span class='ocr_line' id='line_1_10' title="bbox 94 1325 1179 1418; baseline 0.004 -26"><span class='ocrx_word' id='word_1_79' title='bbox 94 1325 188 1393; x_wconf 74' lang='grc' dir='ltr'><strong><em>τούτου</em></strong></span> <span class='ocrx_word' id='word_1_80' title='bbox 217 1329 413 1415; x_wconf 77' lang='grc' dir='ltr'><strong><em>προφητεύει</em></strong></span> <span class='ocrx_word' id='word_1_81' title='bbox 437 1330 575 1406; x_wconf 78' lang='grc' dir='ltr'><strong><em>Ἠσαίας</em></strong></span> <span class='ocrx_word' id='word_1_82' title='bbox 612 1335 668 1395; x_wconf 84' lang='grc' dir='ltr'><strong>καί</strong></span> <span class='ocrx_word' id='word_1_83' title='bbox 693 1335 853 1418; x_wconf 84' lang='grc' dir='ltr'><strong><em>Μιχαίας,</em></strong></span> <span class='ocrx_word' id='word_1_84' title='bbox 886 1330 1111 1418; x_wconf 76' lang='grc' dir='ltr'><strong><em>α’ρχιερατεάει</em></strong></span> <span class='ocrx_word' id='word_1_85' title='bbox 1143 1333 1179 1396; x_wconf 79' lang='grc' dir='ltr'><strong>δὲ</strong></span> 
     </span>
     <span class='ocr_line' id='line_1_11' title="bbox 67 1423 1180 1518; baseline 0.002 -27"><span class='ocrx_word' id='word_1_86' title='bbox 67 1429 210 1514; x_wconf 72' lang='grc' dir='ltr'><strong><em>λθΟάρίας.</em></strong></span> <span class='ocrx_word' id='word_1_87' title='bbox 265 1433 299 1494; x_wconf 80' lang='grc' dir='ltr'><strong>έν</strong></span> <span class='ocrx_word' id='word_1_88' title='bbox 333 1431 376 1518; x_wconf 78' lang='grc' dir='ltr'><strong>τῷ</strong></span> <span class='ocrx_word' id='word_1_89' title='bbox 406 1426 518 1518; x_wconf 78' lang='grc' dir='ltr'><strong><em>πρώτῳ</em></strong></span> <span class='ocrx_word' id='word_1_90' title='bbox 549 1427 612 1496; x_wconf 78' lang='grc' dir='ltr'><strong><em>ἔτει</em></strong></span> <span class='ocrx_word' id='word_1_91' title='bbox 640 1432 699 1514; x_wconf 75' lang='grc' dir='ltr'><strong><em>τῆς</em></strong></span> <span class='ocrx_word' id='word_1_92' title='bbox 729 1428 845 1497; x_wconf 73' lang='grc' dir='ltr'><strong><em>τούτου</em></strong></span> <span class='ocrx_word' id='word_1_93' title='bbox 877 1432 1040 1512; x_wconf 78' lang='grc' dir='ltr'><strong><em>βασιλείας</em></strong></span> <span class='ocrx_word' id='word_1_94' title='bbox 1058 1423 1180 1518; x_wconf 80' lang='grc' dir='ltr'><strong><em>Ἴφιτος</em></strong></span> 
     </span>
     <span class='ocr_line' id='line_1_12' title="bbox 94 1525 1181 1618; baseline -0.001 -27"><span class='ocrx_word' id='word_1_95' title='bbox 94 1525 137 1604; x_wconf 84' lang='grc' dir='ltr'><strong><em>τάς</em></strong></span> <span class='ocrx_word' id='word_1_96' title='bbox 163 1527 380 1612; x_wconf 77' lang='grc' dir='ltr'><strong><em>Ὀλυμπιάδας</em></strong></span> <span class='ocrx_word' id='word_1_97' title='bbox 404 1533 603 1615; x_wconf 82' lang='grc' dir='ltr'><strong><em>συνέστησεν.</em></strong></span> <span class='ocrx_word' id='word_1_98' title='bbox 653 1533 688 1596; x_wconf 77' lang='grc' dir='ltr'><strong>ἐν</strong></span> <span class='ocrx_word' id='word_1_99' title='bbox 718 1535 753 1596; x_wconf 80' lang='grc' dir='ltr'><strong>δέ</strong></span> <span class='ocrx_word' id='word_1_100' title='bbox 777 1532 815 1618; x_wconf 82' lang='grc' dir='ltr'><strong>τῇ</strong></span> <span class='ocrx_word' id='word_1_101' title='bbox 833 1531 917 1617; x_wconf 69' lang='grc' dir='ltr'><strong><em>αὐτῇ</em></strong></span> <span class='ocrx_word' id='word_1_102' title='bbox 936 1529 1045 1618; x_wconf 76' lang='grc' dir='ltr'><strong><em>πρώτη</em></strong></span> <span class='ocrx_word' id='word_1_103' title='bbox 1062 1531 1181 1611; x_wconf 84' lang='grc' dir='ltr'><strong><em>Ὀλυμ.</em></strong></span> 
     </span>
     <span class='ocr_line' id='line_1_13' title="bbox 94 1627 1179 1720; baseline 0.005 -31"><span class='ocrx_word' id='word_1_104' title='bbox 94 1627 171 1692; x_wconf 87' lang='grc' dir='ltr'><strong><em>πιάδι</em></strong></span> <span class='ocrx_word' id='word_1_105' title='bbox 186 1629 313 1710; x_wconf 76' lang='grc' dir='ltr'><strong><em>Ῥῶμος</em></strong></span> <span class='ocrx_word' id='word_1_106' title='bbox 338 1630 394 1693; x_wconf 82' lang='grc' dir='ltr'><strong>καί</strong></span> <span class='ocrx_word' id='word_1_107' title='bbox 411 1628 574 1710; x_wconf 77' lang='grc' dir='ltr'><strong><em>Ῥωμύλος</em></strong></span> <span class='ocrx_word' id='word_1_108' title='bbox 594 1628 817 1717; x_wconf 77' lang='grc' dir='ltr'><strong><em>ἐγεννήθησαν,</em></strong></span> <span class='ocrx_word' id='word_1_109' title='bbox 838 1634 950 1706; x_wconf 76' lang='grc' dir='ltr'><strong><em>οἵτινες</em></strong></span> <span class='ocrx_word' id='word_1_110' title='bbox 968 1633 1004 1696; x_wconf 75' lang='grc' dir='ltr'><strong>ἐν</strong></span> <span class='ocrx_word' id='word_1_111' title='bbox 1024 1634 1066 1720; x_wconf 76' lang='grc' dir='ltr'><strong>τῇ</strong></span> <span class='ocrx_word' id='word_1_112' title='bbox 1085 1628 1179 1714; x_wconf 77' lang='grc' dir='ltr'><strong><em>ἑβδό-</em></strong></span> 
     </span>
     <span class='ocr_line' id='line_1_14' title="bbox 95 1721 1180 1818; baseline -0.001 -25"><span class='ocrx_word' id='word_1_113' title='bbox 95 1751 128 1813; x_wconf 83' lang='grc' dir='ltr'><strong>μη</strong></span> <span class='ocrx_word' id='word_1_114' title='bbox 141 1723 333 1809; x_wconf 77' lang='grc' dir='ltr'><strong><em>Ὀλυμπιάδι</em></strong></span> <span class='ocrx_word' id='word_1_115' title='bbox 355 1727 412 1814; x_wconf 74' lang='grc' dir='ltr'><strong>τήν</strong></span> <span class='ocrx_word' id='word_1_116' title='bbox 428 1727 552 1814; x_wconf 75' lang='grc' dir='ltr'><strong><em>Ῥώμην</em></strong></span> <span class='ocrx_word' id='word_1_117' title='bbox 572 1721 705 1814; x_wconf 76' lang='grc' dir='ltr'><strong><em>ἤρξαντο</em></strong></span> <span class='ocrx_word' id='word_1_118' title='bbox 726 1732 862 1810; x_wconf 81' lang='grc' dir='ltr'><strong><em>κτίζειν·</em></strong></span> <span class='ocrx_word' id='word_1_119' title='bbox 903 1729 972 1816; x_wconf 80' lang='grc' dir='ltr'><strong>ἦδὲ</strong></span> <span class='ocrx_word' id='word_1_120' title='bbox 991 1724 1180 1818; x_wconf 86' lang='grc' dir='ltr'><strong><em>άριστοκρα.</em></strong></span> 
     </span>
     <span class='ocr_line' id='line_1_15' title="bbox 94 1825 1180 1916; baseline 0.002 -26"><span class='ocrx_word' id='word_1_121' title='bbox 94 1831 134 1891; x_wconf 88' lang='grc' dir='ltr'><strong><em>τιά</em></strong></span> <span class='ocrx_word' id='word_1_122' title='bbox 154 1825 214 1890; x_wconf 85' lang='grc' dir='ltr'><strong>άπό</strong></span> <span class='ocrx_word' id='word_1_123' title='bbox 232 1828 402 1909; x_wconf 84' lang='grc' dir='ltr'><strong><em>Ῥωμάλου</em></strong></span> <span class='ocrx_word' id='word_1_124' title='bbox 422 1827 479 1892; x_wconf 81' lang='grc' dir='ltr'><strong>καί</strong></span> <span class='ocrx_word' id='word_1_125' title='bbox 498 1829 559 1894; x_wconf 70' lang='grc' dir='ltr'><strong>τῶν</strong></span> <span class='ocrx_word' id='word_1_126' title='bbox 580 1825 712 1896; x_wconf 69' lang='lat' dir='ltr'><strong>inuitare</strong></span> <span class='ocrx_word' id='word_1_127' title='bbox 734 1830 897 1916; x_wconf 73' lang='grc' dir='ltr'><strong><em>ἄρξαμένη</em></strong></span> <span class='ocrx_word' id='word_1_128' title='bbox 917 1833 1100 1897; x_wconf 74' lang='grc' dir='ltr'><strong><em>κατέπαυσε</em></strong></span> <span class='ocrx_word' id='word_1_129' title='bbox 1118 1835 1180 1914; x_wconf 89' lang='grc' dir='ltr'><strong>μέ.</strong></span> 
     </span>
     <span class='ocr_line' id='line_1_16' title="bbox 66 1927 1185 2018; baseline 0.009 -28"><span class='ocrx_word' id='word_1_130' title='bbox 66 1939 139 2010; x_wconf 82' lang='grc' dir='ltr'><strong><em>15χρι</em></strong></span> <span class='ocrx_word' id='word_1_131' title='bbox 178 1929 233 2011; x_wconf 79' lang='grc' dir='ltr'><strong><em>τῆς</em></strong></span> <span class='ocrx_word' id='word_1_132' title='bbox 264 1928 399 1996; x_wconf 85' lang='grc' dir='ltr'><strong><em>Ἰουλίου</em></strong></span> <span class='ocrx_word' id='word_1_133' title='bbox 437 1927 605 2016; x_wconf 82' lang='grc' dir='ltr'><strong><em>Καίσαρος</em></strong></span> <span class='ocrx_word' id='word_1_134' title='bbox 647 1928 845 2016; x_wconf 88' lang='grc' dir='ltr'><strong><em>μοναρχίας,</em></strong></span> <span class='ocrx_word' id='word_1_135' title='bbox 889 1931 1086 2018; x_wconf 83' lang='grc' dir='ltr'><strong><em>διαρκέοασα</em></strong></span> <span class='ocrx_word' id='word_1_136' title='bbox 1126 1935 1185 2000; x_wconf 76' lang='grc' dir='ltr'><strong>ἐπέ</strong></span> 
     </span>
     <span class='ocr_line' id='line_1_17' title="bbox 96 2023 1010 2110; baseline 0.004 -22"><span class='ocrx_word' id='word_1_137' title='bbox 96 2023 140 2110; x_wconf 80' lang='grc' dir='ltr'><strong>ἔτη</strong></span> <span class='ocrx_word' id='word_1_138' title='bbox 157 2024 236 2107; x_wconf 81' lang='grc' dir='ltr'><strong><em>ομί.</em></strong></span> <span class='ocrx_word' id='word_1_139' title='bbox 1008 2031 1010 2034; x_wconf 75' lang='grc'><strong>’</strong></span> 
     </span>
    </p>

    <p class='ocr_par' dir='ltr' id='par_1_4' title="bbox 95 2123 1277 2415">
     <span class='ocr_line' id='line_1_18' title="bbox 167 2123 1182 2214; baseline 0.003 -23"><span class='ocrx_word' id='word_1_140' title='bbox 167 2129 231 2191; x_wconf 82' lang='lat' dir='ltr'><strong>Turi</strong></span> <span class='ocrx_word' id='word_1_141' title='bbox 252 2126 358 2194; x_wconf 83' lang='lat' dir='ltr'><strong>&#39;Iurida</strong></span> <span class='ocrx_word' id='word_1_142' title='bbox 379 2128 554 2204; x_wconf 74' lang='grc' dir='ltr'><strong><em>δωδέκατος</em></strong></span> <span class='ocrx_word' id='word_1_143' title='bbox 585 2130 791 2208; x_wconf 82' lang='grc' dir='ltr'><strong><em>ἑβασιλευσεν</em></strong></span> <span class='ocrx_word' id='word_1_144' title='bbox 810 2123 919 2212; x_wconf 78' lang='grc' dir='ltr'><strong><em>Ἀχαζ</em></strong></span> <span class='ocrx_word' id='word_1_145' title='bbox 940 2127 995 2214; x_wconf 79' lang='grc' dir='ltr'><strong>ἔτη</strong></span> <span class='ocrx_word' id='word_1_146' title='bbox 1015 2133 1060 2214; x_wconf 86' lang='grc' dir='ltr'><strong><em>ης’</em></strong></span> <span class='ocrx_word' id='word_1_147' title='bbox 1073 2157 1089 2172; x_wconf 93' lang='grc'><strong>··</strong></span> <span class='ocrx_word' id='word_1_148' title='bbox 1123 2131 1182 2196; x_wconf 75' lang='grc' dir='ltr'><strong>τοῦ</strong></span> 
     </span>
     <span class='ocr_line' id='line_1_19' title="bbox 96 2219 1180 2319; baseline 0.005 -30"><span class='ocrx_word' id='word_1_149' title='bbox 96 2227 123 2291; x_wconf 79' lang='grc' dir='ltr'><strong>δὲ</strong></span> <span class='ocrx_word' id='word_1_150' title='bbox 140 2223 256 2309; x_wconf 86' lang='grc' dir='ltr'><strong><em>κόσμου</em></strong></span> <span class='ocrx_word' id='word_1_151' title='bbox 279 2219 321 2312; x_wconf 77' lang='grc' dir='ltr'><strong>ἦν</strong></span> <span class='ocrx_word' id='word_1_152' title='bbox 339 2223 410 2303; x_wconf 74' lang='grc' dir='ltr'><strong><em>ἔτος</em></strong></span> <span class='ocrx_word' id='word_1_153' title='bbox 432 2227 525 2316; x_wconf 67' lang='lat' dir='ltr'><strong>⁴riutp&#39;.</strong></span> <span class='ocrx_word' id='word_1_154' title='bbox 559 2222 668 2312; x_wconf 76' lang='grc' dir='ltr'><strong><em>’Ἀχαζ</em></strong></span> <span class='ocrx_word' id='word_1_155' title='bbox 686 2227 851 2312; x_wconf 82' lang='grc' dir='ltr'><strong><em>σοντοχών</em></strong></span> <span class='ocrx_word' id='word_1_156' title='bbox 871 2233 915 2319; x_wconf 74' lang='grc' dir='ltr'><strong>τῷ</strong></span> <span class='ocrx_word' id='word_1_157' title='bbox 932 2229 1180 2314; x_wconf 86' lang='grc' dir='ltr'><strong><em>Θετλαβαλασάρ</em></strong></span> 
     </span>
     <span class='ocr_line' id='line_1_20' title="bbox 95 2323 1277 2415; baseline 0.005 -27"><span class='ocrx_word' id='word_1_158' title='bbox 95 2327 301 2415; x_wconf 74' lang='grc' dir='ltr'><strong><em>ε’νΔαμασιιῷ</em></strong></span> <span class='ocrx_word' id='word_1_159' title='bbox 320 2323 548 2412; x_wconf 76' lang='grc' dir='ltr'><strong><em>θοοιαστὴριόν</em></strong></span> <span class='ocrx_word' id='word_1_160' title='bbox 566 2353 597 2393; x_wconf 82' lang='grc' dir='ltr'><strong><em>τι</em></strong></span> <span class='ocrx_word' id='word_1_161' title='bbox 619 2326 783 2392; x_wconf 84' lang='grc' dir='ltr'><strong><em>εἰδωλικάν</em></strong></span> <span class='ocrx_word' id='word_1_162' title='bbox 809 2323 893 2394; x_wconf 80' lang='grc' dir='ltr'><strong><em>εἶδε·</em></strong></span> <span class='ocrx_word' id='word_1_163' title='bbox 935 2326 1047 2394; x_wconf 74' lang='grc' dir='ltr'><strong><em>τούτου</em></strong></span> <span class='ocrx_word' id='word_1_164' title='bbox 1072 2329 1181 2410; x_wconf 78' lang='grc' dir='ltr'><strong><em>λαβιάν</em></strong></span> <span class='ocrx_word' id='word_1_165' title='bbox 1270 2397 1277 2406; x_wconf 68' lang='grc'><strong><em>,</em></strong></span> 
     </span>
    </p>

    <p class='ocr_par' dir='ltr' id='par_1_5' title="bbox 65 2424 1183 2914">
     <span class='ocr_line' id='line_1_21' title="bbox 65 2424 1183 2516; baseline 0.002 -25"><span class='ocrx_word' id='word_1_166' title='bbox 65 2424 127 2491; x_wconf 76' lang='lat' dir='ltr'><strong>nst</strong></span> <span class='ocrx_word' id='word_1_167' title='bbox 143 2431 241 2510; x_wconf 86' lang='grc' dir='ltr'><strong><em>μέτρα</em></strong></span> <span class='ocrx_word' id='word_1_168' title='bbox 264 2428 449 2493; x_wconf 83' lang='grc' dir='ltr'><strong><em>α’πέστειλεν</em></strong></span> <span class='ocrx_word' id='word_1_169' title='bbox 474 2432 520 2504; x_wconf 85' lang='grc' dir='ltr'><strong>είς</strong></span> <span class='ocrx_word' id='word_1_170' title='bbox 537 2425 665 2514; x_wconf 71' lang='grc' dir='ltr'><strong><em>Ἰσραήλ</em></strong></span> <span class='ocrx_word' id='word_1_171' title='bbox 694 2426 772 2512; x_wconf 87' lang='grc' dir='ltr'><strong><em>πρὸς</em></strong></span> <span class='ocrx_word' id='word_1_172' title='bbox 795 2430 920 2516; x_wconf 83' lang='grc' dir='ltr'><strong><em>Ου’ρίαν</em></strong></span> <span class='ocrx_word' id='word_1_173' title='bbox 939 2425 995 2494; x_wconf 86' lang='grc' dir='ltr'><strong>τάν</strong></span> <span class='ocrx_word' id='word_1_174' title='bbox 1016 2431 1183 2514; x_wconf 84' lang='grc' dir='ltr'><strong><em>α’ρχιερέα,</em></strong></span> 
     </span>
     <span class='ocr_line' id='line_1_22' title="bbox 95 2519 1182 2617; baseline 0.005 -31"><span class='ocrx_word' id='word_1_175' title='bbox 95 2525 231 2601; x_wconf 78' lang='grc' dir='ltr'><strong><em>κελεύσας</em></strong></span> <span class='ocrx_word' id='word_1_176' title='bbox 249 2521 346 2610; x_wconf 76' lang='grc' dir='ltr'><strong><em>ὅμοια</em></strong></span> <span class='ocrx_word' id='word_1_177' title='bbox 369 2527 471 2593; x_wconf 75' lang='lat' dir='ltr'><strong>usitari</strong></span> <span class='ocrx_word' id='word_1_178' title='bbox 491 2530 645 2614; x_wconf 80' lang='grc' dir='ltr'><strong><em>ποιῆσαι·</em></strong></span> <span class='ocrx_word' id='word_1_179' title='bbox 668 2530 701 2592; x_wconf 76' lang='lat' dir='ltr'><strong>iv</strong></span> <span class='ocrx_word' id='word_1_180' title='bbox 725 2519 752 2617; x_wconf 72' lang='lat' dir='ltr'><strong>ui</strong></span> <span class='ocrx_word' id='word_1_181' title='bbox 771 2538 836 2605; x_wconf 79' lang='grc' dir='ltr'><strong><em>τοῖς</em></strong></span> <span class='ocrx_word' id='word_1_182' title='bbox 855 2534 941 2605; x_wconf 79' lang='grc' dir='ltr'><strong><em>θεοῖς</em></strong></span> <span class='ocrx_word' id='word_1_183' title='bbox 951 2527 1063 2610; x_wconf 75' lang='grc' dir='ltr'><strong><em>Σάρων</em></strong></span> <span class='ocrx_word' id='word_1_184' title='bbox 1084 2528 1182 2597; x_wconf 75' lang='grc' dir='ltr'><strong><em>ἔθυεν</em></strong></span> 
     </span>
     <span class='ocr_line' id='line_1_23' title="bbox 95 2620 1182 2713; baseline 0.006 -28"><span class='ocrx_word' id='word_1_185' title='bbox 95 2620 304 2713; x_wconf 80' lang='grc' dir='ltr'><strong><em>άποοτρίψας,</em></strong></span> <span class='ocrx_word' id='word_1_186' title='bbox 336 2625 390 2692; x_wconf 80' lang='grc' dir='ltr'><strong>τάν</strong></span> <span class='ocrx_word' id='word_1_187' title='bbox 418 2631 454 2693; x_wconf 83' lang='grc' dir='ltr'><strong>δὲ</strong></span> <span class='ocrx_word' id='word_1_188' title='bbox 474 2627 549 2692; x_wconf 85' lang='grc' dir='ltr'><strong><em>ναὸν</em></strong></span> <span class='ocrx_word' id='word_1_189' title='bbox 575 2633 634 2693; x_wconf 77' lang='grc' dir='ltr'><strong>τοῦ</strong></span> <span class='ocrx_word' id='word_1_190' title='bbox 664 2631 745 2692; x_wconf 80' lang='grc' dir='ltr'><strong><em>θεοῦ</em></strong></span> <span class='ocrx_word' id='word_1_191' title='bbox 776 2626 925 2695; x_wconf 74' lang='grc' dir='ltr'><strong><em>ἔκλεισεν.</em></strong></span> <span class='ocrx_word' id='word_1_192' title='bbox 966 2628 1103 2708; x_wconf 84' lang='grc' dir='ltr'><strong><em>Ἑζεκίας</em></strong></span> <span class='ocrx_word' id='word_1_193' title='bbox 1125 2627 1182 2694; x_wconf 88' lang='grc' dir='ltr'><strong>τάν</strong></span> 
     </span>
     <span class='ocr_line' id='line_1_24' title="bbox 89 2713 1181 2814; baseline 0.003 -25"><span class='ocrx_word' id='word_1_194' title='bbox 89 2713 181 2808; x_wconf 69' lang='grc' dir='ltr'><strong><em>Ἆχαζ</em></strong></span> <span class='ocrx_word' id='word_1_195' title='bbox 215 2729 439 2809; x_wconf 78' lang='grc' dir='ltr'><strong><em>διαδεξάμενος</em></strong></span> <span class='ocrx_word' id='word_1_196' title='bbox 467 2727 485 2792; x_wconf 88' lang='grc' dir='ltr'><strong><em>δ</em></strong></span> <span class='ocrx_word' id='word_1_197' title='bbox 518 2726 589 2805; x_wconf 85' lang='grc' dir='ltr'><strong><em>υἱὸς</em></strong></span> <span class='ocrx_word' id='word_1_198' title='bbox 610 2729 775 2810; x_wconf 73' lang='grc' dir='ltr'><strong><em>βασιλεύει</em></strong></span> <span class='ocrx_word' id='word_1_199' title='bbox 791 2725 847 2812; x_wconf 78' lang='grc' dir='ltr'><strong>ἔτη</strong></span> <span class='ocrx_word' id='word_1_200' title='bbox 867 2727 927 2809; x_wconf 77' lang='grc' dir='ltr'><strong>κθ,</strong></span> <span class='ocrx_word' id='word_1_201' title='bbox 948 2728 1030 2814; x_wconf 75' lang='grc' dir='ltr'><strong><em>άνηρ</em></strong></span> <span class='ocrx_word' id='word_1_202' title='bbox 1052 2729 1181 2810; x_wconf 77' lang='grc' dir='ltr'><strong><em>εὐσεβέ-</em></strong></span> 
     </span>
     <span class='ocr_line' id='line_1_25' title="bbox 95 2824 1180 2914; baseline 0.004 -27"><span class='ocrx_word' id='word_1_203' title='bbox 95 2849 203 2902; x_wconf 86' lang='grc' dir='ltr'><strong><em>στατος.</em></strong></span> <span class='ocrx_word' id='word_1_204' title='bbox 244 2824 291 2892; x_wconf 83' lang='grc' dir='ltr'><strong><em>ἔτι</em></strong></span> <span class='ocrx_word' id='word_1_205' title='bbox 313 2829 370 2892; x_wconf 82' lang='grc' dir='ltr'><strong>καί</strong></span> <span class='ocrx_word' id='word_1_206' title='bbox 389 2827 444 2894; x_wconf 83' lang='grc' dir='ltr'><strong><em>ἐπί</em></strong></span> <span class='ocrx_word' id='word_1_207' title='bbox 464 2828 579 2895; x_wconf 77' lang='grc' dir='ltr'><strong><em>τούτου</em></strong></span> <span class='ocrx_word' id='word_1_208' title='bbox 595 2829 734 2905; x_wconf 79' lang='grc' dir='ltr'><strong><em>Ἠσαίας</em></strong></span> <span class='ocrx_word' id='word_1_209' title='bbox 762 2827 815 2894; x_wconf 83' lang='grc' dir='ltr'><strong>καί</strong></span> <span class='ocrx_word' id='word_1_210' title='bbox 832 2825 933 2914; x_wconf 73' lang='grc' dir='ltr'><strong><em>Ὠσηὲ</em></strong></span> <span class='ocrx_word' id='word_1_211' title='bbox 958 2827 1013 2895; x_wconf 87' lang='grc' dir='ltr'><strong>καί</strong></span> <span class='ocrx_word' id='word_1_212' title='bbox 1030 2829 1180 2910; x_wconf 83' lang='grc' dir='ltr'><strong><em>Μιχαίας</em></strong></span> 
     </span>
    </p>
   </div>
   <div class='ocr_carea' id='block_1_3' title="bbox 22 3037 1185 4327">
    <p class='ocr_par' dir='ltr' id='par_1_6' title="bbox 46 3037 1181 3402">
     <span class='ocr_line' id='line_1_26' title="bbox 46 3037 1179 3117; baseline 0.001 -21"><span class='ocrx_word' id='word_1_213' title='bbox 46 3037 50 3050; x_wconf 84' lang='grc'><strong><em>’</em></strong></span> <span class='ocrx_word' id='word_1_214' title='bbox 151 3045 225 3100; x_wconf 85' lang='lat' dir='ltr'><strong>Osias</strong></span> <span class='ocrx_word' id='word_1_215' title='bbox 241 3048 298 3100; x_wconf 83' lang='lat' dir='ltr'><strong>sive</strong></span> <span class='ocrx_word' id='word_1_216' title='bbox 316 3047 464 3112; x_wconf 80' lang='lat' dir='ltr'>Zacharias,</span> <span class='ocrx_word' id='word_1_217' title='bbox 484 3049 605 3100; x_wconf 77' lang='lat' dir='ltr'><strong>Ameriae</strong></span> <span class='ocrx_word' id='word_1_218' title='bbox 622 3049 713 3112; x_wconf 88' lang='lat' dir='ltr'><strong>filius,</strong></span> <span class='ocrx_word' id='word_1_219' title='bbox 739 3065 825 3101; x_wconf 81' lang='lat' dir='ltr'><strong>anuos</strong></span> <span class='ocrx_word' id='word_1_220' title='bbox 842 3047 878 3102; x_wconf 76' lang='lat'><strong>52</strong></span> <span class='ocrx_word' id='word_1_221' title='bbox 896 3049 1034 3117; x_wconf 81' lang='lat' dir='ltr'><strong>regnavit,</strong></span> <span class='ocrx_word' id='word_1_222' title='bbox 1061 3049 1103 3099; x_wconf 88' lang='lat' dir='ltr'><strong>vir</strong></span> <span class='ocrx_word' id='word_1_223' title='bbox 1120 3063 1179 3098; x_wconf 85' lang='lat' dir='ltr'><strong>ma-</strong></span> 
     </span>
     <span class='ocr_line' id='line_1_27' title="bbox 96 3118 1180 3190; baseline 0.005 -26"><span class='ocrx_word' id='word_1_224' title='bbox 96 3127 154 3180; x_wconf 82' lang='lat' dir='ltr'><strong>gnae</strong></span> <span class='ocrx_word' id='word_1_225' title='bbox 171 3119 199 3170; x_wconf 88' lang='lat' dir='ltr'><strong>in</strong></span> <span class='ocrx_word' id='word_1_226' title='bbox 217 3118 298 3171; x_wconf 89' lang='lat' dir='ltr'><strong>deum</strong></span> <span class='ocrx_word' id='word_1_227' title='bbox 316 3121 441 3188; x_wconf 78' lang='lat' dir='ltr'><strong>pietatis3</strong></span> <span class='ocrx_word' id='word_1_228' title='bbox 460 3129 556 3190; x_wconf 85' lang='lat' dir='ltr'><strong>postea</strong></span> <span class='ocrx_word' id='word_1_229' title='bbox 573 3137 636 3172; x_wconf 83' lang='lat' dir='ltr'><strong>voro</strong></span> <span class='ocrx_word' id='word_1_230' title='bbox 665 3139 724 3172; x_wconf 87' lang='lat' dir='ltr'><strong>cum</strong></span> <span class='ocrx_word' id='word_1_231' title='bbox 751 3137 825 3172; x_wconf 85' lang='lat' dir='ltr'><strong>sacra</strong></span> <span class='ocrx_word' id='word_1_232' title='bbox 840 3122 917 3173; x_wconf 85' lang='lat' dir='ltr'><strong>obire</strong></span> <span class='ocrx_word' id='word_1_233' title='bbox 941 3127 1085 3172; x_wconf 81' lang='lat' dir='ltr'><strong>conaretur</strong></span> <span class='ocrx_word' id='word_1_234' title='bbox 1103 3118 1180 3188; x_wconf 86' lang='lat' dir='ltr'><strong>lepra</strong></span> 
     </span>
     <span class='ocr_line' id='line_1_28' title="bbox 95 3189 1180 3260; baseline 0.004 -24"><span class='ocrx_word' id='word_1_235' title='bbox 95 3195 131 3237; x_wconf 84' lang='lat' dir='ltr'><strong>est</strong></span> <span class='ocrx_word' id='word_1_236' title='bbox 149 3189 316 3258; x_wconf 86' lang='lat' dir='ltr'><strong>implicatus,</strong></span> <span class='ocrx_word' id='word_1_237' title='bbox 335 3199 364 3243; x_wconf 87' lang='lat' dir='ltr'><strong>et</strong></span> <span class='ocrx_word' id='word_1_238' title='bbox 392 3191 463 3242; x_wconf 87' lang='lat' dir='ltr'><strong>lilius</strong></span> <span class='ocrx_word' id='word_1_239' title='bbox 493 3209 541 3260; x_wconf 90' lang='lat' dir='ltr'><strong>pro</strong></span> <span class='ocrx_word' id='word_1_240' title='bbox 561 3207 593 3242; x_wconf 88' lang='lat' dir='ltr'><strong>eo</strong></span> <span class='ocrx_word' id='word_1_241' title='bbox 611 3191 751 3244; x_wconf 87' lang='lat' dir='ltr'><strong>iudicavit.</strong></span> <span class='ocrx_word' id='word_1_242' title='bbox 789 3209 907 3244; x_wconf 88' lang='lat' dir='ltr'><strong>summus</strong></span> <span class='ocrx_word' id='word_1_243' title='bbox 929 3191 1055 3243; x_wconf 83' lang='lat' dir='ltr'><strong>sacerdos</strong></span> <span class='ocrx_word' id='word_1_244' title='bbox 1074 3189 1124 3241; x_wconf 85' lang='lat' dir='ltr'><strong>sub</strong></span> <span class='ocrx_word' id='word_1_245' title='bbox 1146 3206 1180 3241; x_wconf 90' lang='lat' dir='ltr'><strong>eo</strong></span> 
     </span>
     <span class='ocr_line' id='line_1_29' title="bbox 94 3260 1181 3332; baseline 0.006 -27"><span class='ocrx_word' id='word_1_246' title='bbox 94 3267 144 3309; x_wconf 84' lang='lat' dir='ltr'><strong>erat</strong></span> <span class='ocrx_word' id='word_1_247' title='bbox 163 3263 284 3329; x_wconf 79' lang='lat' dir='ltr'><strong>Asarias3</strong></span> <span class='ocrx_word' id='word_1_248' title='bbox 304 3260 504 3332; x_wconf 87' lang='lat' dir='ltr'><strong>prophetarunt</strong></span> <span class='ocrx_word' id='word_1_249' title='bbox 521 3263 603 3314; x_wconf 82' lang='lat' dir='ltr'><strong>Amos</strong></span> <span class='ocrx_word' id='word_1_250' title='bbox 623 3273 651 3314; x_wconf 93' lang='lat' dir='ltr'><strong>et</strong></span> <span class='ocrx_word' id='word_1_251' title='bbox 669 3263 788 3326; x_wconf 61' lang='lat' dir='ltr'><strong>llasaiau</strong></span> <span class='ocrx_word' id='word_1_252' title='bbox 806 3267 864 3316; x_wconf 84' lang='lat' dir='ltr'><strong>eiua</strong></span> <span class='ocrx_word' id='word_1_253' title='bbox 882 3263 955 3314; x_wconf 88' lang='lat' dir='ltr'><strong>filius</strong></span> <span class='ocrx_word' id='word_1_254' title='bbox 973 3269 1001 3313; x_wconf 90' lang='lat' dir='ltr'><strong>et</strong></span> <span class='ocrx_word' id='word_1_255' title='bbox 1019 3263 1109 3323; x_wconf 78' lang='lat' dir='ltr'><strong>Oseii,</strong></span> <span class='ocrx_word' id='word_1_256' title='bbox 1128 3262 1181 3312; x_wconf 88' lang='lat' dir='ltr'><strong>Be·</strong></span> 
     </span>
     <span class='ocr_line' id='line_1_30' title="bbox 94 3329 1181 3402; baseline 0.002 -24"><span class='ocrx_word' id='word_1_257' title='bbox 94 3329 126 3378; x_wconf 84' lang='lat' dir='ltr'><strong>cri</strong></span> <span class='ocrx_word' id='word_1_258' title='bbox 142 3331 219 3396; x_wconf 85' lang='lat' dir='ltr'><strong>iilius,</strong></span> <span class='ocrx_word' id='word_1_259' title='bbox 239 3341 268 3384; x_wconf 90' lang='lat' dir='ltr'><strong>et</strong></span> <span class='ocrx_word' id='word_1_260' title='bbox 286 3335 376 3396; x_wconf 89' lang='lat' dir='ltr'><strong>lonas,</strong></span> <span class='ocrx_word' id='word_1_261' title='bbox 393 3333 501 3386; x_wconf 77' lang='lat' dir='ltr'><strong>husathi</strong></span> <span class='ocrx_word' id='word_1_262' title='bbox 523 3334 595 3384; x_wconf 83' lang='lat' dir='ltr'><strong>iilius</strong></span> <span class='ocrx_word' id='word_1_263' title='bbox 617 3351 651 3386; x_wconf 83' lang='lat' dir='ltr'><strong>cx</strong></span> <span class='ocrx_word' id='word_1_264' title='bbox 669 3333 790 3402; x_wconf 86' lang='lat' dir='ltr'><strong>Gopher.</strong></span> <span class='ocrx_word' id='word_1_265' title='bbox 831 3335 872 3386; x_wconf 88' lang='lat' dir='ltr'><strong>his</strong></span> <span class='ocrx_word' id='word_1_266' title='bbox 891 3332 1059 3402; x_wconf 77' lang='lat' dir='ltr'><strong>temporibus</strong></span> <span class='ocrx_word' id='word_1_267' title='bbox 1077 3334 1181 3399; x_wconf 86' lang='lat' dir='ltr'><strong>Lycur-</strong></span> 
     </span>
    </p>

    <p class='ocr_par' dir='ltr' id='par_1_7' title="bbox 22 3401 1180 3545">
     <span class='ocr_line' id='line_1_31' title="bbox 22 3401 1180 3473; baseline 0.005 -27"><span class='ocrx_word' id='word_1_268' title='bbox 22 3415 23 3446; x_wconf 75' lang='lat'>1</span> <span class='ocrx_word' id='word_1_269' title='bbox 94 3413 135 3462; x_wconf 78' lang='lat' dir='ltr'><strong>gns</strong></span> <span class='ocrx_word' id='word_1_270' title='bbox 154 3401 369 3455; x_wconf 82' lang='lat' dir='ltr'><strong>Lacedaemoniis</strong></span> <span class='ocrx_word' id='word_1_271' title='bbox 399 3405 473 3473; x_wconf 81' lang='lat' dir='ltr'><strong>leges</strong></span> <span class='ocrx_word' id='word_1_272' title='bbox 506 3404 621 3473; x_wconf 79' lang='lat' dir='ltr'><strong>scripsit.</strong></span> <span class='ocrx_word' id='word_1_273' title='bbox 657 3405 790 3469; x_wconf 73' lang='lat' dir='ltr'><strong>lorasham,</strong></span> <span class='ocrx_word' id='word_1_274' title='bbox 815 3406 897 3457; x_wconf 86' lang='lat' dir='ltr'><strong>Osiae</strong></span> <span class='ocrx_word' id='word_1_275' title='bbox 915 3406 1000 3467; x_wconf 88' lang='lat' dir='ltr'><strong>filius,</strong></span> <span class='ocrx_word' id='word_1_276' title='bbox 1018 3412 1079 3472; x_wconf 89' lang='lat' dir='ltr'><strong>post</strong></span> <span class='ocrx_word' id='word_1_277' title='bbox 1096 3404 1180 3470; x_wconf 85' lang='lat' dir='ltr'><strong>patris</strong></span> 
     </span>
     <span class='ocr_line' id='line_1_32' title="bbox 93 3473 1180 3545; baseline 0.004 -27"><span class='ocrx_word' id='word_1_278' title='bbox 93 3479 196 3524; x_wconf 85' lang='lat' dir='ltr'><strong>mortem</strong></span> <span class='ocrx_word' id='word_1_279' title='bbox 213 3491 298 3526; x_wconf 86' lang='lat' dir='ltr'><strong>annos</strong></span> <span class='ocrx_word' id='word_1_280' title='bbox 320 3474 353 3526; x_wconf 88' lang='grc'><strong>16</strong></span> <span class='ocrx_word' id='word_1_281' title='bbox 374 3477 494 3544; x_wconf 83' lang='lat' dir='ltr'><strong>regnavit</strong></span> <span class='ocrx_word' id='word_1_282' title='bbox 510 3484 539 3528; x_wconf 88' lang='lat' dir='ltr'><strong>et</strong></span> <span class='ocrx_word' id='word_1_283' title='bbox 557 3475 606 3526; x_wconf 86' lang='lat' dir='ltr'><strong>sub</strong></span> <span class='ocrx_word' id='word_1_284' title='bbox 629 3491 661 3526; x_wconf 90' lang='lat' dir='ltr'><strong>eo</strong></span> <span class='ocrx_word' id='word_1_285' title='bbox 673 3475 979 3545; x_wconf 84' lang='lat' dir='ltr'><strong>prophetaruutlesaius</strong></span> <span class='ocrx_word' id='word_1_286' title='bbox 995 3483 1023 3526; x_wconf 89' lang='lat' dir='ltr'><strong>et</strong></span> <span class='ocrx_word' id='word_1_287' title='bbox 1035 3473 1180 3534; x_wconf 81' lang='lat' dir='ltr'><strong>Michaeas,</strong></span> 
     </span>
    </p>

    <p class='ocr_par' dir='ltr' id='par_1_8' title="bbox 55 3539 1181 3898">
     <span class='ocr_line' id='line_1_33' title="bbox 55 3539 1180 3620; baseline 0.002 -29"><span class='ocrx_word' id='word_1_288' title='bbox 55 3546 58 3552; x_wconf 87' lang='lat'><em>&#39;</em></span> <span class='ocrx_word' id='word_1_289' title='bbox 93 3539 150 3620; x_wconf 59' lang='lat' dir='ltr'><strong>dria</strong></span> <span class='ocrx_word' id='word_1_290' title='bbox 168 3562 270 3596; x_wconf 87' lang='lat' dir='ltr'><strong>summo</strong></span> <span class='ocrx_word' id='word_1_291' title='bbox 296 3546 445 3599; x_wconf 83' lang='lat' dir='ltr'><strong>sacerdote.</strong></span> <span class='ocrx_word' id='word_1_292' title='bbox 493 3547 581 3617; x_wconf 89' lang='lat' dir='ltr'><strong>primo</strong></span> <span class='ocrx_word' id='word_1_293' title='bbox 612 3564 683 3598; x_wconf 87' lang='lat' dir='ltr'><strong>auno</strong></span> <span class='ocrx_word' id='word_1_294' title='bbox 702 3550 759 3598; x_wconf 88' lang='lat' dir='ltr'><strong>eius</strong></span> <span class='ocrx_word' id='word_1_295' title='bbox 787 3550 863 3616; x_wconf 78' lang='lat' dir='ltr'><strong>regni</strong></span> <span class='ocrx_word' id='word_1_296' title='bbox 881 3547 986 3616; x_wconf 80' lang='lat' dir='ltr'><strong>iphitus</strong></span> <span class='ocrx_word' id='word_1_297' title='bbox 1005 3543 1180 3614; x_wconf 80' lang='lat' dir='ltr'><strong>Olympiadas</strong></span> 
     </span>
     <span class='ocr_line' id='line_1_34' title="bbox 93 3613 1180 3686; baseline 0.006 -27"><span class='ocrx_word' id='word_1_298' title='bbox 93 3613 211 3667; x_wconf 77' lang='lat' dir='ltr'><strong>nstituit</strong></span> <span class='ocrx_word' id='word_1_299' title='bbox 246 3617 276 3668; x_wconf 87' lang='lat' dir='ltr'><strong>in</strong></span> <span class='ocrx_word' id='word_1_300' title='bbox 295 3617 403 3685; x_wconf 82' lang='lat' dir='ltr'><strong>calpae</strong></span> <span class='ocrx_word' id='word_1_301' title='bbox 424 3618 509 3686; x_wconf 83' lang='lat' dir='ltr'><strong>primu</strong></span> <span class='ocrx_word' id='word_1_302' title='bbox 530 3617 692 3686; x_wconf 81' lang='lat' dir='ltr'><strong>Olympiade</strong></span> <span class='ocrx_word' id='word_1_303' title='bbox 719 3621 816 3670; x_wconf 82' lang='lat' dir='ltr'><strong>Romus</strong></span> <span class='ocrx_word' id='word_1_304' title='bbox 835 3629 863 3670; x_wconf 87' lang='lat' dir='ltr'><strong>et</strong></span> <span class='ocrx_word' id='word_1_305' title='bbox 882 3618 1010 3670; x_wconf 77' lang='lat' dir='ltr'><strong>Romulus</strong></span> <span class='ocrx_word' id='word_1_306' title='bbox 1028 3617 1086 3666; x_wconf 86' lang='lat' dir='ltr'><strong>uati</strong></span> <span class='ocrx_word' id='word_1_307' title='bbox 1107 3623 1180 3676; x_wconf 89' lang='lat' dir='ltr'><strong>sunt,</strong></span> 
     </span>
     <span class='ocr_line' id='line_1_35' title="bbox 93 3683 1181 3758; baseline 0.007 -30"><span class='ocrx_word' id='word_1_308' title='bbox 93 3683 135 3748; x_wconf 86' lang='lat' dir='ltr'><strong>qui</strong></span> <span class='ocrx_word' id='word_1_309' title='bbox 152 3687 262 3756; x_wconf 86' lang='lat' dir='ltr'><strong>septima</strong></span> <span class='ocrx_word' id='word_1_310' title='bbox 281 3687 441 3755; x_wconf 86' lang='lat' dir='ltr'><strong>Olympiade</strong></span> <span class='ocrx_word' id='word_1_311' title='bbox 462 3691 576 3754; x_wconf 18' lang='lat' dir='ltr'><strong>*Romam</strong></span> <span class='ocrx_word' id='word_1_312' title='bbox 599 3689 743 3740; x_wconf 82' lang='lat' dir='ltr'><strong>aedificare</strong></span> <span class='ocrx_word' id='word_1_313' title='bbox 767 3698 924 3758; x_wconf 84' lang='lat' dir='ltr'><strong>coeperunt.</strong></span> <span class='ocrx_word' id='word_1_314' title='bbox 969 3686 1135 3738; x_wconf 84' lang='lat' dir='ltr'><strong>aristocratia</strong></span> <span class='ocrx_word' id='word_1_315' title='bbox 1165 3699 1181 3736; x_wconf 78' lang='lat' dir='ltr'><strong>a</strong></span> 
     </span>
     <span class='ocr_line' id='line_1_36' title="bbox 94 3749 1180 3830; baseline 0.007 -30"><span class='ocrx_word' id='word_1_316' title='bbox 94 3749 197 3808; x_wconf 73' lang='lat' dir='ltr'><strong>Romulo</strong></span> <span class='ocrx_word' id='word_1_317' title='bbox 220 3765 249 3809; x_wconf 87' lang='lat' dir='ltr'><strong>et</strong></span> <span class='ocrx_word' id='word_1_318' title='bbox 265 3759 422 3810; x_wconf 88' lang='lat' dir='ltr'><strong>consulibus</strong></span> <span class='ocrx_word' id='word_1_319' title='bbox 450 3760 574 3812; x_wconf 89' lang='lat' dir='ltr'><strong>instituta</strong></span> <span class='ocrx_word' id='word_1_320' title='bbox 603 3759 653 3811; x_wconf 82' lang='lat' dir='ltr'><strong>suh</strong></span> <span class='ocrx_word' id='word_1_321' title='bbox 677 3761 749 3812; x_wconf 89' lang='lat' dir='ltr'><strong>lulio</strong></span> <span class='ocrx_word' id='word_1_322' title='bbox 767 3761 930 3830; x_wconf 84' lang='lat' dir='ltr'><strong>imperatore</strong></span> <span class='ocrx_word' id='word_1_323' title='bbox 950 3760 980 3811; x_wconf 90' lang='lat' dir='ltr'><strong>in</strong></span> <span class='ocrx_word' id='word_1_324' title='bbox 998 3759 1180 3809; x_wconf 87' lang='lat' dir='ltr'><strong>monarchiam</strong></span> 
     </span>
     <span class='ocr_line' id='line_1_37' title="bbox 96 3826 645 3898; baseline 0.024 -30"><span class='ocrx_word' id='word_1_325' title='bbox 96 3826 174 3890; x_wconf 81' lang='lat' dir='ltr'><strong>cessit,</strong></span> <span class='ocrx_word' id='word_1_326' title='bbox 193 3837 336 3898; x_wconf 88' lang='lat' dir='ltr'><strong>postquam</strong></span> <span class='ocrx_word' id='word_1_327' title='bbox 355 3828 408 3882; x_wconf 77' lang='lat'><strong>245</strong></span> <span class='ocrx_word' id='word_1_328' title='bbox 425 3845 511 3882; x_wconf 84' lang='lat' dir='ltr'><strong>annos</strong></span> <span class='ocrx_word' id='word_1_329' title='bbox 532 3831 645 3882; x_wconf 84' lang='lat' dir='ltr'><strong>duravit.</strong></span> 
     </span>
    </p>

    <p class='ocr_par' dir='ltr' id='par_1_9' title="bbox 99 3895 1185 4327">
     <span class='ocr_line' id='line_1_38' title="bbox 157 3895 1180 3967; baseline -0.001 -20"><span class='ocrx_word' id='word_1_330' title='bbox 157 3896 335 3952; x_wconf 82' lang='lat' dir='ltr'><strong>Duodecimus</strong></span> <span class='ocrx_word' id='word_1_331' title='bbox 361 3899 522 3954; x_wconf 86' lang='lat' dir='ltr'><strong>ludaeorum</strong></span> <span class='ocrx_word' id='word_1_332' title='bbox 553 3918 600 3954; x_wconf 84' lang='lat' dir='ltr'><strong>rex</strong></span> <span class='ocrx_word' id='word_1_333' title='bbox 620 3901 672 3953; x_wconf 83' lang='lat' dir='ltr'><strong>luit</strong></span> <span class='ocrx_word' id='word_1_334' title='bbox 690 3902 787 3967; x_wconf 69' lang='grc' dir='ltr'><strong><em>Δείνιος</em></strong></span> <span class='ocrx_word' id='word_1_335' title='bbox 812 3901 908 3954; x_wconf 88' lang='lat' dir='ltr'><strong>muudi</strong></span> <span class='ocrx_word' id='word_1_336' title='bbox 924 3917 1011 3950; x_wconf 77' lang='lat' dir='ltr'><strong>annus</strong></span> <span class='ocrx_word' id='word_1_337' title='bbox 1031 3899 1086 3950; x_wconf 83' lang='lat' dir='ltr'><strong>suit</strong></span> <span class='ocrx_word' id='word_1_338' title='bbox 1102 3895 1180 3949; x_wconf 76' lang='lat'>4708.</span> 
     </span>
     <span class='ocr_line' id='line_1_39' title="bbox 99 3954 1183 4040; baseline -0.004 -17"><span class='ocrx_word' id='word_1_339' title='bbox 99 3954 174 4038; x_wconf 39' lang='lat' dir='ltr'><strong>⁸¹⁰th</strong></span> <span class='ocrx_word' id='word_1_340' title='bbox 191 3987 272 4040; x_wconf 86' lang='lat' dir='ltr'><strong>quum</strong></span> <span class='ocrx_word' id='word_1_341' title='bbox 289 3972 413 4024; x_wconf 82' lang='lat' dir='ltr'><strong>Damasci</strong></span> <span class='ocrx_word' id='word_1_342' title='bbox 440 3973 614 4026; x_wconf 81' lang='lat' dir='ltr'><strong>convenisset</strong></span> <span class='ocrx_word' id='word_1_343' title='bbox 637 3973 847 4025; x_wconf 80' lang='lat' dir='ltr'><strong>‘l&#39;hetlabclasar</strong></span> <span class='ocrx_word' id='word_1_344' title='bbox 870 3982 899 4024; x_wconf 88' lang='lat' dir='ltr'><strong>et</strong></span> <span class='ocrx_word' id='word_1_345' title='bbox 918 3971 1020 4040; x_wconf 83' lang='lat' dir='ltr'><strong>gentile</strong></span> <span class='ocrx_word' id='word_1_346' title='bbox 1037 3972 1121 4021; x_wconf 86' lang='lat' dir='ltr'><strong>altare</strong></span> <span class='ocrx_word' id='word_1_347' title='bbox 1140 3970 1183 4020; x_wconf 84' lang='lat' dir='ltr'><strong>vi-</strong></span> 
     </span>
     <span class='ocr_line' id='line_1_40' title="bbox 100 4025 1183 4113; baseline -0.005 -19"><span class='ocrx_word' id='word_1_348' title='bbox 100 4025 182 4094; x_wconf 69' lang='lat' dir='ltr'><strong>d¹⁸⁸⁰is</strong></span> <span class='ocrx_word' id='word_1_349' title='bbox 198 4042 228 4091; x_wconf 78' lang='lat' dir='ltr'><strong>ab</strong></span> <span class='ocrx_word' id='word_1_350' title='bbox 247 4058 280 4094; x_wconf 90' lang='lat' dir='ltr'><strong>eo</strong></span> <span class='ocrx_word' id='word_1_351' title='bbox 299 4059 437 4096; x_wconf 88' lang='lat' dir='ltr'><strong>mensuras</strong></span> <span class='ocrx_word' id='word_1_352' title='bbox 458 4045 572 4113; x_wconf 85' lang='lat' dir='ltr'><strong>sumpsit</strong></span> <span class='ocrx_word' id='word_1_353' title='bbox 587 4045 656 4095; x_wconf 89' lang='lat' dir='ltr'><strong>etin</strong></span> <span class='ocrx_word' id='word_1_354' title='bbox 668 4044 752 4095; x_wconf 88' lang='lat' dir='ltr'><strong>lsrael</strong></span> <span class='ocrx_word' id='word_1_355' title='bbox 772 4042 806 4094; x_wconf 93' lang='lat' dir='ltr'><strong>ad</strong></span> <span class='ocrx_word' id='word_1_356' title='bbox 826 4045 925 4105; x_wconf 78' lang='lat' dir='ltr'><strong>Uriam,</strong></span> <span class='ocrx_word' id='word_1_357' title='bbox 945 4058 1075 4092; x_wconf 85' lang='lat' dir='ltr'><strong>summum</strong></span> <span class='ocrx_word' id='word_1_358' title='bbox 1094 4057 1183 4091; x_wconf 83' lang='lat' dir='ltr'><strong>sacer·-</strong></span> 
     </span>
     <span class='ocr_line' id='line_1_41' title="bbox 101 4095 1183 4185; baseline -0.006 -18"><span class='ocrx_word' id='word_1_359' title='bbox 101 4095 288 4174; x_wconf 56' lang='grc' dir='ltr'><strong>11(δθῑῑῑιῐολιῐι,</strong></span> <span class='ocrx_word' id='word_1_360' title='bbox 307 4113 413 4177; x_wconf 87' lang='lat' dir='ltr'><strong>iubens,</strong></span> <span class='ocrx_word' id='word_1_361' title='bbox 434 4116 533 4166; x_wconf 83' lang='lat' dir='ltr'><strong>similia</strong></span> <span class='ocrx_word' id='word_1_362' title='bbox 557 4115 657 4176; x_wconf 81' lang='lat' dir='ltr'><strong>iacere,</strong></span> <span class='ocrx_word' id='word_1_363' title='bbox 679 4131 732 4185; x_wconf 86' lang='lat' dir='ltr'><strong>qua</strong></span> <span class='ocrx_word' id='word_1_364' title='bbox 754 4130 782 4164; x_wconf 88' lang='lat' dir='ltr'><strong>re</strong></span> <span class='ocrx_word' id='word_1_365' title='bbox 807 4115 934 4182; x_wconf 91' lang='lat' dir='ltr'><strong>Syrorum</strong></span> <span class='ocrx_word' id='word_1_366' title='bbox 952 4115 1004 4164; x_wconf 87' lang='lat' dir='ltr'><strong>diis</strong></span> <span class='ocrx_word' id='word_1_367' title='bbox 1022 4129 1071 4182; x_wconf 87' lang='lat' dir='ltr'><strong>per</strong></span> <span class='ocrx_word' id='word_1_368' title='bbox 1088 4127 1183 4181; x_wconf 88' lang='lat' dir='ltr'><strong>pecca·</strong></span> 
     </span>
     <span class='ocr_line' id='line_1_42' title="bbox 102 4172 1185 4254; baseline 0.005 -30"><span class='ocrx_word' id='word_1_369' title='bbox 102 4172 153 4220; x_wconf 71' lang='lat' dir='ltr'><strong>ium</strong></span> <span class='ocrx_word' id='word_1_370' title='bbox 175 4177 335 4243; x_wconf 80' lang='lat' dir='ltr'><strong>sacrificavit,</strong></span> <span class='ocrx_word' id='word_1_371' title='bbox 366 4183 411 4236; x_wconf 88' lang='lat' dir='ltr'><strong>dei</strong></span> <span class='ocrx_word' id='word_1_372' title='bbox 440 4195 531 4238; x_wconf 89' lang='lat' dir='ltr'><strong>autem</strong></span> <span class='ocrx_word' id='word_1_373' title='bbox 560 4185 693 4254; x_wconf 82' lang='lat' dir='ltr'><strong>templum</strong></span> <span class='ocrx_word' id='word_1_374' title='bbox 719 4185 825 4238; x_wconf 87' lang='lat' dir='ltr'><strong>clausit.</strong></span> <span class='ocrx_word' id='word_1_375' title='bbox 868 4184 954 4238; x_wconf 83' lang='lat' dir='ltr'><strong>Achae</strong></span> <span class='ocrx_word' id='word_1_376' title='bbox 979 4182 1088 4236; x_wconf 77' lang='lat' dir='ltr'><strong>Eselsias</strong></span> <span class='ocrx_word' id='word_1_377' title='bbox 1111 4183 1185 4232; x_wconf 88' lang='lat' dir='ltr'><strong>filius</strong></span> 
     </span>
     <span class='ocr_line' id='line_1_43' title="bbox 104 4245 1184 4327; baseline 0.004 -31"><span class='ocrx_word' id='word_1_378' title='bbox 104 4245 202 4312; x_wconf 83' lang='lat' dir='ltr'><strong>excepit</strong></span> <span class='ocrx_word' id='word_1_379' title='bbox 226 4251 400 4323; x_wconf 81' lang='lat' dir='ltr'><strong>regnavitque</strong></span> <span class='ocrx_word' id='word_1_380' title='bbox 419 4255 453 4309; x_wconf 80' lang='lat'><strong>29</strong></span> <span class='ocrx_word' id='word_1_381' title='bbox 481 4273 585 4322; x_wconf 83' lang='lat' dir='ltr'><strong>anuos,</strong></span> <span class='ocrx_word' id='word_1_382' title='bbox 603 4257 644 4312; x_wconf 80' lang='lat' dir='ltr'><strong>vir</strong></span> <span class='ocrx_word' id='word_1_383' title='bbox 673 4273 790 4308; x_wconf 82' lang='lat' dir='ltr'><strong>summae</strong></span> <span class='ocrx_word' id='word_1_384' title='bbox 816 4257 935 4327; x_wconf 83' lang='lat' dir='ltr'><strong>pietatis.</strong></span> <span class='ocrx_word' id='word_1_385' title='bbox 973 4255 1061 4306; x_wconf 79' lang='lat' dir='ltr'><strong>adhuc</strong></span> <span class='ocrx_word' id='word_1_386' title='bbox 1081 4252 1131 4304; x_wconf 93' lang='lat' dir='ltr'><strong>suh</strong></span> <span class='ocrx_word' id='word_1_387' title='bbox 1151 4267 1184 4302; x_wconf 89' lang='lat' dir='ltr'><strong>eu</strong></span> 
     </span>
    </p>
   </div>
   <div class='ocr_carea' id='block_1_4' title="bbox 0 0 1470 4892">
    <p class='ocr_par' dir='ltr' id='par_1_10' title="bbox 0 0 1470 4892">
     <span class='ocr_line' id='line_1_44' title="bbox 0 0 1470 4892; baseline 0 0"><span class='ocrx_word' id='word_1_388' title='bbox 0 0 1470 4892; x_wconf 95' lang='lat' dir='ltr'><strong> </strong></span> 
     </span>
    </p>
   </div>
  </div>
 </body>
</html>
