2882 4894
270 299 341 372 τευ
401 289 405 298 ’
560 273 742 388 [neonis.
763 274 1055 387 entnurstcr]

265 463 367 544 μῆνας
391 455 461 538 due,
480 452 608 520 ’luditur
621 457 675 517 καί
691 449 891 536 Αὔγουστον.
934 450 1079 536 γεγόνασι
1099 452 1135 516 δέ
1155 451 1287 536 βρονταί
1307 455 1355 519 καί

265 557 430 643 οἶστραπαέ
455 553 593 636 μεγάλαι
617 557 679 629 ,καί
711 555 850 638 φοβεραὶ
874 551 1027 638 σφόδρα,
1047 547 1130 618 ὥστε
1148 550 1285 628 πολλοὺς
1305 549 1353 618 ἐπ’

265 651 372 724 ου’τιόν
405 654 609 736 κατακαῆναι.
665 651 745 717 stru
769 649 825 725 καί
847 649 978 732 σεισμὸς
998 653 1144 733 μέγιστος
1167 653 1224 714 καί
1243 649 1353 736 ααγιό-
1424 697 1425 752 η

265 779 376 838 σμιος·
417 751 471 818 καί
502 749 614 816 ἔπεσον
637 747 716 822 οἶκοι
738 755 791 816 καί
812 753 973 834 ἐκκλησίαι
994 753 1109 816 πολλαί
1129 755 1165 816 ἐν
1187 753 1354 815 Kornens-
1424 759 1425 794 ¹

265 851 462 939 τιυυιμιόλει,
494 847 578 916 ninus
608 845 745 924 πολλοὺς
765 851 971 933 τελευτῆσαι·
1021 848 1102 917 ἀλλὰ
1125 853 1179 916 καί
1201 847 1238 913 τὸ
1259 857 1373 931 nexus
1424 861 1425 940 i

266 957 321 1039 τῆς
338 955 463 1039 χρυσῆς
484 946 603 1036 πόρτης
624 947 715 1030 ναίὴ
739 947 836 1033 λόγχη
853 945 1017 1032 ἣνκρατεῖ
1033 947 1050 1012 d
1073 947 1209 1034 α’νδριάς
1222 953 1282 1014 τοῦ
1304 943 1355 1034 uri·
1424 962 1425 994 ¹

265 1077 334 1139 ρου.
377 1055 433 1117 καί
455 1047 611 1132 ἐπεκρότει
634 1049 653 1132 ἡ
678 1052 717 1132 γη
739 1055 885 1132 σειομένη
908 1047 962 1112 ἐπὶ
980 1045 1071 1113 πολύ.
1114 1051 1148 1114 ἐκ
1170 1051 1206 1113 δὲ·
1226 1052 1284 1133 τῆς
1306 1044 1355 1111 λυ’.
1424 1063 1425 1095 ¹

265 1180 325 1240 πης
349 1152 365 1217 ὅ
386 1148 537 1234 βασιλευς
558 1149 603 1224 είς
622 1148 662 1214 τὰ
680 1153 826 1233 γενέθλια
847 1150 904 1211 τοῦ
923 1150 1070 1233 Χριστοῦ
1088 1151 1144 1212 καί
1160 1149 1205 1224 εἰς
1226 1148 1266 1214 τὰ
1287 1141 1355 1231 ἅγια
1423 1161 1425 1196 ¹

265 1251 423 1338 θεοφάνια
447 1243 523 1315 ἄνευ
556 1251 734 1331 σκέμματος
754 1250 903 1333 προῆλθε,
932 1250 987 1313 καί
1005 1246 1044 1326 τοὶ
1064 1251 1097 1327 ἐξ
1116 1246 1212 1324 ἔθους
1233 1244 1354 1333 α’ριστό-

266 1356 377 1418 ιλειπνα
397 1355 454 1415 τοῦ
467 1350 708 1432 θωέεκαημέρου
721 1351 778 1412 οέκ
790 1349 943 1428 ε’τέλεσεν,
962 1347 1045 1412 ἀλλὰ
1067 1350 1171 1412 πάντα
1190 1356 1257 1425 τοϊς
1278 1362 1386 1414 nco-10
1424 1364 1425 1396 ¹

264 1461 335 1536 γυῖς
362 1454 510 1530 διένειμε.
551 1446 609 1532 την
630 1451 665 1512 δὲ
693 1442 860 1513 θάλασσαν
888 1443 1104 1531 α’ναρριχυῖναι
1131 1451 1232 1533 φασίν
1255 1452 1289 1514 ἐκ
1308 1445 1355 1513 τοῦ
1424 1481 1425 1490 ¹

266 1551 401 1633 σεισμοῦ
430 1551 522 1629 μιλια
544 1545 619 1633 driu,
648 1549 703 1611 καί
733 1547 912 1615 ἀπολέσθαι
941 1553 1036 1610 πλοῖα
1057 1546 1159 1612 πολλὰ
1193 1550 1228 1614 ἐν
1249 1550 1286 1634 τῇ
1305 1535 1356 1610 sori
1424 1560 1425 1595 ¹

266 1650 383 1726 ir'duroc
404 1650 613 1730 ἀναχαιτίσει.
662 1645 754 1716 ἔπεσε
787 1648 823 1710 dd
857 1643 1044 1730 ἐτροῦλλυς
1073 1651 1129 1730 τῆς
1152 1645 1294 1731 μεγάλης
1314 1647 1356 1709 ἐκ.
1424 1663 1425 1678 ’

266 1750 406 1836 κλησιάς,
430 1747 465 1813 ὃν
486 1747 541 1812 καί
559 1750 717 1813 α’νέκτισεν
734 1745 934 1832 ὑψηλότερον
954 1749 1010 1810 καί
1030 1747 1204 1832 κρείττονα,
1229 1745 1355 1829 ποιήσας

266 1856 323 1916 καί
342 1850 379 1914 τὰ
414 1845 545 1931 δεύτερα
566 1849 720 1932 ,ἐνκαίνια
750 1847 808 1933 τῆς
839 1845 936 1930 αὐτῆς
968 1846 1132 1932 ἐκκλησίας
1152 1843 1386 1932 φαιδρότερονιο
1424 1861 1425 1896 ¹

266 1953 320 2016 καί
342 1948 569 2034 λαμπρότερον.

353 2039 459 2123 Οὗτος
478 2044 594 2130 μαθών
628 2045 701 2128 περί
732 2039 990 2131 ἆρρενοφθὸραν,
1021 2040 1194 2128 ἐρευνήσας
1215 2044 1273 2110 καί
1290 2043 1356 2110 κου’-

266 2172 337 2224 τυυς
358 2145 473 2232 εέρών,
497 2146 571 2222 τούς
591 2147 651 2226 μὲν
673 2139 922 2224 ἐκαυλοτόμωσε,
955 2152 1021 2220 τοῖς
1041 2147 1077 2209 δὲ
1098 2141 1263 2226 καλάμους
1285 2138 1356 2222 ὀξεῖς
1424 2163 1425 2196 ¹

267 2251 484 2330 ἐμβάλλεσθαι
503 2247 548 2321 εἰς
568 2241 645 2320 τούς
666 2246 784 2327 πόρους
805 2247 868 2307 τῶν
882 2244 1013 2309 αἰδοίων
1036 2246 1189 2329 ἐκέλευσε,
1209 2243 1267 2308 καί
1286 2268 1355 2327 γυμ-
1424 2283 1425 2286 =

223 2409 227 2416 .
267 2345 342 2421 νυύς
362 2344 445 2411 κατὰ
468 2345 526 2429 τήν
548 2342 667 2430 α’γορυὶν
681 2347 962 2428 θριαμβευθηναι·
1004 2339 1146 2426 ὑπῆρχον
1169 2345 1204 2410 δέ
1223 2348 1287 2409 ταῖν
1304 2346 1385 2425 scivit

266 2448 431 2511 πολιτικῶν
461 2445 517 2529 καί
545 2444 759 2529 συγκλητικῶν
788 2445 917 2526 πολλοί,
947 2445 1009 2506 ταῖν
1041 2445 1076 2506 de
1107 2443 1286 2528 α’ρχιερέων
1306 2436 1354 2506 οὖν
1424 2456 1425 2493 ¹

222 2605 225 2614 .
267 2545 377 2630 ὀλίγοι,
399 2545 433 2611 οἳ
450 2543 677 2628 ἐεσμευθέντες
696 2537 796 2618 οὕτως
817 2541 1040 2626 περιαγόμενον
1062 2542 1140 2610 κατὰ
1165 2540 1222 2628 την
1244 2541 1355 2628 α’γορὰν
1424 2563 1425 2592 ¹

267 2651 381 2729 γυμνοί
401 2646 510 2722 δεινοῖς
531 2643 748 2730 ἐτελεύτησαν.
790 2642 844 2708 καί
863 2646 1032 2726 γενομένου
1048 2644 1152 2730 φόβου
1172 2641 1310 2730 μεγάλου
1331 2635 1355 2705 οἱ
1424 2656 1425 2692 ¹

266 2895 348 2947 iussit
364 2903 392 2948 et
410 2913 423 2947 e
446 2913 511 2961 uos,
530 2895 629 2968 quibus
649 2898 808 2947 efferrentur
827 2897 937 2948 mortui.
983 2898 1084 2950 mansit
1102 2897 1147 2948 hic
1164 2896 1276 2950 morbus
1294 2895 1353 2948 duos

265 2983 381 3030 menses,
400 2913 498 3018 ludium
516 2977 544 3018 et
563 2969 719 3035 Augustum.
758 2975 834 3019 erunt
851 2975 941 3020 eutem
955 2970 1075 3020 tonitrua
1088 2977 1116 3020 et
1133 2969 1249 3020 fulmina
1269 2982 1354 3036 magne
1424 2963 1425 2978 ¹

265 3039 437 3108 maximeque
456 3039 601 3099 terrentis,
629 3037 668 3088 ita
688 3044 719 3089 ut
735 3039 816 3090 multi
838 3039 870 3091 iis
895 3047 1110 3109 percuterentur.
1147 3048 1353 3110 praeterenter-

266 3126 310 3160 rue
330 3118 418 3162 motus
439 3117 496 3160 erut
520 3111 652 3160 maximus
677 3125 727 3179 per
743 3116 831 3160 toturn
851 3109 1002 3174 mnndum,
1023 3109 1202 3162 conciderunt
1220 3109 1312 3164 dumus
1330 3115 1353 3162 ct

265 3181 394 3232 ecclesiae
420 3181 522 3232 multae
548 3180 646 3251 Cpuli,
667 3181 705 3232 ita
735 3189 765 3231 ut
790 3179 869 3232 multi
895 3189 1082 3244 morerentur,
1110 3177 1231 3234 concidit
1254 3195 1353 3254 quoqne

265 3269 356 3303 murus
376 3250 410 3302 nd
431 3267 539 3302 auream
560 3259 666 3322 portum
685 3259 714 3303 et
730 3251 817 3316 hasta,
838 3269 918 3323 quam
933 3261 1021 3304 statur
1049 3253 1163 3305 forensis
1186 3269 1268 3305 mann
1289 3257 1353 3306 tenet
1424 3301 1425 3320 η

266 3329 295 3375 et
313 3321 489 3374 vehementer
516 3325 608 3374 sonuit
639 3331 709 3374 terra
727 3331 809 3374 motu.
854 3341 900 3375 rex
917 3331 1007 3376 nutem
1032 3322 1106 3375 luctu
1136 3325 1252 3376 afflictus
1278 3334 1353 3391 usque
1424 3323 1425 3330 ’

265 3393 301 3445 nd
318 3393 418 3445 natalia
444 3392 546 3446 Christi
567 3402 595 3446 et
612 3401 702 3445 sancta
721 3392 900 3464 Theophanis
922 3395 980 3446 sine
994 3411 1094 3446 corona
1114 3393 1219 3465 prodiit
1239 3403 1275 3458 et,
1292 3393 1352 3443 duo·

266 3463 353 3516 decim
373 3463 469 3516 dicbus
488 3479 573 3516 coena
601 3465 755 3534 vespertine
774 3467 872 3517 usitata
897 3465 1039 3528 abstinuit,
1066 3467 1212 3536 omniaque
1233 3461 1352 3516 mendicis

267 3534 352 3587 dedit.
388 3552 461 3586 mere
482 3552 594 3606 quoque
618 3544 693 3587 motu
713 3544 800 3587 terrae
824 3535 977 3588 ascendisse
996 3536 1091 3590 dicunt
1107 3535 1161 3587 duo
1180 3536 1314 3599 milliaria,
1330 3538 1353 3582 et

265 3621 346 3658 noves
371 3607 471 3659 multas
503 3608 532 3658 in
561 3623 632 3677 equa
665 3607 835 3658 aestuatione
863 3609 985 3678 periisse.
1032 3606 1152 3662 concidit
1176 3616 1268 3660 nutem
1294 3601 1352 3659 trnl·

266 3677 308 3728 lus
326 3693 436 3746 magnac
456 3678 601 3742 ecclesiae,
627 3694 708 3748 quern
726 3679 851 3730 altiorem
873 3678 954 3730 etiarn
981 3686 1010 3730 et
1026 3677 1166 3730 meliorem
1186 3678 1297 3740 refecit,
1312 3689 1351 3726 ce-

266 3747 376 3799 lebratis
402 3747 571 3818 splendidius
593 3757 621 3802 et
647 3749 798 3816 elegantius
823 3749 990 3801 solemnibus
1018 3747 1140 3800 eiusdem
1160 3743 1290 3800 ecclesiae
1314 3759 1351 3797 re·

267 3820 385 3872 stitutae.
442 3842 444 3846 ·
695 3857 696 3862 ι

336 3889 385 3941 Hic
405 3907 486 3960 quum
504 3889 633 3942 audiisset
650 3887 684 3941 de
697 3888 872 3960 paedorestis,
891 3890 1068 3960 inquisitione
1085 3890 1211 3941 institutis
1231 3905 1297 3959 qrros
1316 3887 1352 3937 in-

266 3961 341 4011 venit
362 3975 452 4011 eorum
472 3959 540 4013 alios
558 3959 678 4012 membro
696 3963 767 4012 virili
785 3961 916 4031 privavit,
935 3961 995 4012 uliis
1015 3967 1110 4012 ocutos
1131 3961 1249 4012 calemus
1270 3961 1297 4012 in
1315 3957 1351 4010 su-

267 4030 368 4082 ramina
386 4031 526 4099 inguinum
543 4031 683 4084 intrudere
701 4033 779 4084 iussit
792 4047 894 4101 eosque
913 4029 1000 4083 nudos
1021 4049 1071 4102 per
1089 4031 1178 4083 forum
1196 4029 1266 4082 duci.
1285 4031 1350 4082 erant

267 4109 357 4152 autem
376 4103 480 4165 exiis,
499 4103 547 4172 qui
570 4103 727 4155 muneribus
755 4102 873 4173 publicis
898 4103 1081 4172 fungebantur
1107 4111 1135 4154 et
1157 4119 1171 4153 e
1191 4098 1350 4155 senatoribus

266 4170 357 4237 multi,
377 4187 394 4224 e
424 4171 607 4228 sacerdotibus
632 4175 765 4245 primariis
785 4191 840 4226 uon
857 4175 949 4244 pauci,
975 4173 1025 4246 qui
1043 4173 1129 4230 uincti
1147 4175 1187 4227 ita
1205 4189 1255 4243 per
1273 4172 1350 4226 forum
