2838 4902
237 271 312 378 440
664 271 917 344 nusrlrmus

237 461 288 500 τα.
331 430 458 517 η’μίονος
480 433 515 496 δὲ
537 422 614 512 ὤχει
638 426 736 494 αύτύν
757 423 819 492 alno·
844 424 966 511 βράκας
985 427 1041 490 καί
1063 427 1198 490 πεδίλων
1217 446 1328 490 νεωτε-

238 537 344 618 ρικῶν.
395 531 506 598 iuuene
541 531 578 593 δὲ
597 531 653 592 καί
674 529 732 613 τήν
752 525 894 612 κεφαλήν
926 523 1163 609 Ἰβηρικύτερον
1195 521 1329 610 ἔκφυλος
1415 523 1416 544 ²

237 641 329 708 πῖλος
351 629 505 716 έρυθρύς·
546 624 706 712 βάρβαροι
726 629 842 694 ἐκεῖνον
862 623 917 690 καί
938 627 1112 708 τεχνῶνται
1134 628 1190 689 καὶ
1212 625 1329 688 καλοῦ.

236 759 288 798 σιν
309 725 331 820 ᾗ
351 735 489 820 φιλοῦσι,
512 728 715 810 πολύπτυχον
734 729 795 807 μέν
823 729 878 792 καί
897 720 978 790 utcu
998 725 1249 803 συνεσταλμένον
1269 720 1330 784 κά.

235 859 281 900 τω
302 833 361 916 τὴν
381 829 495 915 λοιπήν
513 832 686 911 περίθεσιν,
704 824 744 890 τά
769 827 805 890 δὲ
827 822 902 908 περί
928 824 1095 908 πρόσωπον
1116 823 1353 907 εύρυνύμενονε

236 937 293 998 καί
325 929 519 1015 πρηνεύοντα
553 929 587 1001 ές
613 923 725 991 ἶνανόν
753 921 834 989 κατά
872 921 985 1010 ἡλίου,
1018 922 1069 989 ἳνα
1090 925 1147 986 καί
1166 919 1255 987 ούτω
1276 921 1333 986 τὸν

235 1032 434 1118 στρατιώτην
468 1029 650 1111 άπολέχοιτο
683 1021 957 1110 τρυφερευόμενος
985 1021 1168 1108 οίνηλίαστα.
1236 1017 1332 1106 ἑορτὴ

236 1133 370 1220 φιληδεῖ
393 1127 548 1202 τοιούτοις
580 1120 735 1205 ἀνδράσι·
782 1122 956 1208 πανηγύρις
976 1114 1042 1186 οἶδε
1072 1119 1219 1188 τοιούσδε
1239 1123 1335 1185 στολ-

235 1229 334 1316 μούς·
383 1230 520 1314 νυμφίος
555 1219 594 1290 de
626 1219 710 1288 ούτω
730 1221 904 1304 θρύπτοντα
927 1220 1153 1306 οἷβρυνύμενος.
1195 1218 1286 1296 τόξον
1307 1219 1336 1282 δ’

235 1335 354 1406 ἐκεῖνος
385 1325 418 1392 εἴ
442 1350 504 1390 που
532 1327 587 1390 καί
619 1321 818 1408 χειρισθείη,
844 1323 1020 1406 πειρᾶσθαι
1050 1315 1135 1396 εἶπες
1164 1311 1206 1384 dv
1236 1315 1371 1386 αύτύνιῡ
1416 1323 1417 1370 l

236 1433 358 1494 ἐκείνου
388 1424 466 1492 κατὰ
490 1424 565 1500 τούς
586 1425 799 1506 ω’νουμένους,
832 1413 917 1496 ὅπως
936 1415 976 1485 riv
996 1418 1066 1502 ἔχοι
1084 1423 1143 1488 τού
1161 1421 1336 1485 τείνεσθαι.

236 1525 315 1594 κατά
337 1530 373 1592 δέ
391 1549 426 1609 χε
446 1522 503 1608 την
534 1520 704 1606 ἀκρόπολιν
726 1524 851 1604 λέγεται
877 1518 980 1586 δϊοτδν
1003 1521 1059 1586 ἕνα
1080 1518 1161 1586 κατά
1173 1518 1252 1598 ,τῶν
1272 1521 1342 1582 έκεῖ

236 1627 501 1709 περικαθημένων
531 1618 681 1707 ἀφεῖναι,
702 1619 758 1684 καί
780 1623 870 1686 λίθον
891 1617 947 1685 ἕνα
970 1621 1006 1684 έκ
1025 1618 1218 1705 σφενδόνης·
1267 1613 1340 1684 εἶτα

236 1729 293 1794 καί
312 1725 496 1790 ὑποθέσθαι
515 1730 580 1796 τοῖς
601 1721 656 1786 ἐπί
674 1723 736 1784 τῶν
756 1723 886 1803 τειχέων
907 1719 1194 1806 πεδιλωνραφέας
1216 1722 1340 1798 ἐξονει-

237 1828 339 1904 δίζειν
360 1821 435 1898 τούς
453 1825 544 1906 πέριξ
565 1821 735 1901 Λατίνους,
757 1818 812 1895 ούς
830 1823 887 1886 καί
905 1821 1056 1887 τοοούτον
1077 1819 1228 1906 η’μύνατο,
1254 1817 1338 1887 κακά
1348 1829 1375 1880 15

235 1922 314 2009 ἡμῖν
347 1921 525 2010 (λάπτοντας
561 1912 616 1986 καί
644 1917 836 2005 έχχελύντας
869 1913 917 1996 οἷς
945 1913 1067 2004 ἤκουον.
1118 1916 1226 2002 ἔλεγον
1248 1921 1290 1984 δὲ
1311 1918 1341 1982 οἱ

236 2028 318 2109 ἀμφ’
349 2021 447 2090 αύτύν
478 2019 671 2097 σκάπτοντες
699 2023 814 2084 ἐκεῖνον
835 2023 890 2084 καί
916 2013 967 2083 δτι
986 2015 1163 2102 καθήμενος
1183 2018 1250 2084 ἔσω
1273 2043 1342 2085 τει-

234 2128 321 2208 χέων
341 2124 425 2189 κάτω
445 2126 520 2206 περί
540 2118 651 2204 σκιάν,
672 2125 728 2185 καί
745 2123 821 2204 βέλη
840 2123 964 2201 βλέπων
985 2116 1104 2198 ἔξωθεν
1126 2116 1341 2186 ε’πιπεταννύ.

236 2248 332 2307 μενα,
353 2224 463 2290 εἰώθει
493 2225 594 2306 λέγειν
625 2206 757 2306 aiebat,
778 2223 874 2304 καλέ,
897 2218 977 2284 κακά
1001 2217 1039 2284 τύ
1060 2210 1141 2304 ὦδε,
1163 2218 1218 2284 καί
1235 2221 1342 2297 εύθύς

237 2324 408 2407 ἀναπηδῶν
444 2319 651 2404 μετεκάθιζεν
695 2322 741 2396 είς
775 2313 895 2386 άσυλύν
926 2343 997 2384 τινα
1034 2322 1251 2405 οκιατραφίοιν
1288 2322 1376 2386 κεῖνο
1417 2357 1418 2360 ¹

239 2415 415 2508 άσκυλτον,
446 2419 523 2506 πρὸς
555 2419 612 2486 τύν
637 2413 678 2484 τύ
695 2417 809 2502 ἔχοντα
836 2428 942 2504 τοῖχον
960 2421 1175 2504 μεταρρέπων,
1200 2413 1219 2484 δ’
1243 2444 1341 2507 φασι,
1417 2445 1418 2450 ’

241 2521 297 2588 καί
315 2523 372 2606 ζῆν
393 2521 540 2606 κυριύσας
561 2518 623 2600 ἔξω
644 2523 757 2603 βελῶν.

180 2643 234 2700 288
325 2623 397 2688 Καὶ
415 2624 560 2710 τοιοῦτον
581 2613 657 2688 ὅντα
679 2619 849 2687 ἐκόλαπτον
869 2623 902 2697 ές
926 2622 1060 2708 καρδίαν
1081 2619 1182 2704 αὐτὴν
1204 2617 1235 2684 οἱ
1255 2623 1342 2706 πρῶ.

242 2876 292 2927 bat
309 2875 412 2928 braccis
429 2884 457 2928 et
480 2877 576 2930 cnlceis
594 2878 746 2947 puerilibus
763 2879 907 2943 vestitum3
929 2885 1011 2948 caput
1028 2893 1139 2948 quoque
1160 2894 1236 2929 more
1254 2877 1339 2928 lbere

242 2946 399 3014 peregrinus
419 2947 528 3014 tegebat
546 2950 635 3018 pileus
655 2949 749 3000 ruber:
768 2965 849 3019 quem
867 2949 975 3000 barbari
996 2958 1024 3000 et
1044 2949 1210 3000 fabricantur
1232 2957 1262 2999 et
1283 2967 1339 3019 quo

243 3017 311 3084 ipsis
338 3017 428 3084 placet
453 3020 564 3071 nomine
587 3020 744 3090 appellant,
762 3021 891 3089 plicatum
918 3029 946 3071 et
966 3021 1145 3087 compositum
1164 3021 1339 3089 ceteroquin,

244 3088 315 3138 circa
333 3088 427 3138 faciem
446 3097 601 3157 protentum
622 3100 650 3143 et
666 3109 781 3160 pronum
796 3090 831 3142 ad
848 3092 932 3143 solem
952 3089 1174 3142 defendendum:
1193 3091 1231 3140 its
1249 3100 1284 3141 ut
1303 3092 1340 3141 sic

243 3176 355 3228 quoque
373 3160 497 3212 militiam
521 3161 648 3226 Davides,
666 3170 793 3231 tanquam
812 3163 966 3214 umbratilis
982 3161 1072 3224 homo,
1091 3162 1169 3230 quasi
1187 3160 1339 3212 abins-aret,

243 3247 360 3299 pompae
391 3232 492 3283 talibus
522 3233 586 3284 viris
621 3234 774 3300 laetantur;
805 3233 948 3286 conciones
986 3235 1042 3284 eius
1069 3233 1175 3299 generis
1209 3235 1340 3282 vestitum

244 3310 364 3363 norunt3
382 3320 494 3372 sponsus
514 3305 552 3356 ita
570 3304 604 3356 ad
618 3305 762 3356 mollitiem
781 3305 846 3356 licet
863 3306 1041 3357 effeminetur.
1079 3315 1167 3354 arcum
1183 3302 1272 3354 sicubi
1291 3304 1340 3354 ille

244 3371 387 3434 tractabat,
407 3375 529 3426 crederes
548 3383 677 3444 tanquam
702 3375 737 3426 ab
755 3384 858 3428 emturo
877 3377 992 3438 tentari,
1010 3375 1033 3425 si
1052 3375 1167 3436 videres,
1185 3390 1265 3442 quam
1289 3390 1341 3442 pe-

246 3445 298 3495 rite
326 3444 523 3499 intenderetur.
560 3465 593 3496 ex
615 3464 674 3498 arce
699 3464 777 3497 sinam
798 3448 901 3498 misisse
927 3447 1050 3511 sagittam
1077 3447 1106 3496 in
1125 3445 1294 3505 obsidentes,
1312 3451 1341 3495 et

245 3530 330 3566 uuum
348 3515 433 3566 sunda
454 3518 599 3570 excussisse
618 3517 736 3587 lapidem
756 3519 858 3582 fertur3
887 3517 987 3568 deinde
1008 3517 1089 3568 etiarn
1108 3517 1223 3567 suasisse
1240 3515 1338 3565 militi·

245 3583 297 3637 bus
315 3587 382 3637 arcis
399 3589 590 3657 praesidiariis,
609 3596 639 3639 ut
658 3588 808 3640 calceorum
826 3597 930 3640 sutores
948 3590 1121 3656 increparent
1144 3585 1339 3638 circumsiden-

245 3657 428 3722 tssLatinos,
457 3675 526 3728 quos
547 3666 600 3711 tam
624 3659 699 3711 belle
718 3658 881 3728 repelleret,
908 3660 1056 3728 perniciem
1082 3657 1162 3710 nobis
1180 3665 1293 3708 suentes
1309 3663 1337 3706 et

246 3726 390 3781 irridentes
422 3738 534 3798 propter
564 3748 615 3794 ea,
645 3747 714 3797 quae
735 3729 869 3782 audirent.
912 3729 1039 3781 dicebant
1066 3730 1147 3780 etiam
1166 3728 1335 3778 cavillatores

246 3796 375 3865 quidam,
401 3799 517 3852 eundern
535 3801 606 3852 intra
629 3801 737 3852 moenia
755 3801 829 3852 humi
850 3803 877 3852 in
901 3801 994 3853 umbra
1013 3798 1162 3858 sedentem,
1182 3815 1264 3868 quum
1286 3813 1335 3847 ex-

246 3869 376 3922 trinsecus
397 3872 453 3922 tels
473 3872 579 3924 intente
602 3871 716 3933 videret,
736 3870 826 3924 dicere
845 3873 956 3925 solitum
976 3888 1043 3934 esse,
1067 3869 1162 3922 “haud
1183 3877 1249 3931 tuta,
1266 3867 1334 3917 arni·

246 3955 286 3996 ce,
301 3939 470 4002 hsecsunt‚''
490 3950 518 3995 et
536 3943 611 3996 illico
626 3943 781 4012 prosiluisse
801 3951 829 3994 et
847 3942 999 3994 discessisse
1017 3944 1045 3992 in
1063 3941 1186 3992 umbram
1204 3947 1288 3992 tutam
1309 3945 1336 3988 et

247 4009 369 4074 otiosam,
392 4013 576 4078 reclinantem,
594 4022 625 4065 ut
644 4015 729 4076 aiunt,
747 4013 783 4064 sd
805 4031 909 4065 murum
927 4014 997 4066 bene
1022 4014 1135 4076 firmum,
1157 4021 1186 4062 et
1203 4017 1274 4062 extra
1294 4016 1334 4060 te·

246 4081 334 4134 lorum
353 4083 453 4136 iactum
472 4085 551 4138 saluti
568 4086 764 4136 consulentem.

319 4154 358 4205 Ac
378 4153 460 4208 talem
488 4155 626 4210 hominem
646 4153 844 4210 venerabantur
864 4162 975 4226 pectora
993 4153 1155 4226 plangentes
1176 4147 1267 4204 blandi
1286 4161 1335 4200 ne·
