2814 4898
388 343 758 412 cnuottoouaaffln.
1040 339 1109 410 291

41 500 259 584 παρέπεμψαν·
302 500 544 577 Κωνστιυτῖνον
567 503 601 563 δὲ
621 499 743 564 τόντοδ
759 498 946 582 Εόλοιμπίου
969 495 1039 564 υἱὸν
1062 501 1117 562 καί

41 598 155 682 ἑτέρους
176 595 235 662 σόν
258 595 344 684 edroi
358 597 513 673 Φιλόθεος
533 593 676 682 όπαρχος
692 599 727 663 έν
740 601 778 686 τῇ
795 599 852 664 rori
870 596 1000 664 ἱππικοῦ
1019 621 1117 683 σφεν-

41 697 108 784 δόνη
138 699 222 782 ξίφει
251 696 419 777 ἀπέτεμεν.
476 698 515 762 οδ
547 699 668 782 μικροῖς
690 701 726 763 δὲ
747 694 1024 783 διερευνησάμενοι
1043 697 1120 780 περί

42 794 153 880 Νικήτοι
184 795 356 880 οἷσηκρῆτις
385 795 440 860 καί
467 801 709 864 Κωνοταντίνου
739 800 795 862 τοῦ
821 797 925 880 Λιβός
948 797 1009 878 οδχ
1028 786 1119 878 εὗρεν

23 898 163 974 audrade,
197 892 241 973 ὥς
261 901 481 980 χρησαμένους
503 901 606 984 φυγῇ·
628 897 680 962 τόν
708 900 743 962 δέ
765 901 902 982 Αίγίδην
930 899 1045 962 ἐκεῖνον
1066 898 1122 958 καί

43 997 106 1070 ιοός
126 996 186 1062 σόν
217 997 302 1084 edrai
324 995 459 1080 πολλοὺς
492 997 547 1061 καί
567 996 733 1081 ἀνδρείους
761 993 850 1074 ὄντες
871 996 933 1061 α’πό
954 1022 989 1062 τε
1012 1000 1068 1079 τῆς
1088 999 1121 1059 έν

43 1093 235 1180 Χρυσοπόλει
256 1091 423 1178 δαμάλεως
441 1099 498 1160 καί
516 1097 613 1181 μέχρι
632 1101 689 1163 rori
708 1094 876 1164 Λεοκδτου
905 1095 1049 1177 διδόμοις
1070 1092 1122 1172 ξό-
1132 1109 1158 1160 P.
1169 1105 1221 1160 490

44 1202 99 1271 λοις
118 1192 236 1272 πάντας
258 1195 510 1260 α’νεσκολόπισεν.
561 1199 617 1262 καί
635 1195 773 1272 πολλοδς
795 1191 934 1282 ἀνηλεῶς
954 1200 1010 1262 καί
1030 1195 1164 1288 drot-93

43 1298 107 1368 αι’ως
127 1295 156 1360 οὶ
169 1290 328 1378 λεγόμενοι
347 1285 434 1360 οὗτοι
449 1299 611 1380 ἐπίτροποι
627 1296 821 1377 ἀπέκτειναν,
844 1299 873 1360 εἰ
892 1295 935 1378 μη
958 1317 1041 1370 τινες
1061 1299 1124 1359 τῶν

14 1396 189 1460 restruatur
218 1398 274 1480 τῆς
308 1398 416 1460 οόδδιου
444 1395 545 1482 ὁρμῆς
564 1395 781 1481 οἷνεγαίτισαν,
805 1396 942 1470 εἰπόντες
964 1393 1044 1479 πρός
1065 1388 1126 1458 ad·

45 1491 108 1568 τοός
141 1493 186 1570 ὥς
219 1492 337 1568 παιδός
366 1488 456 1572 ὄντος
489 1498 547 1560 rori
569 1498 741 1580 βασιλέως,
763 1500 828 1572 ποός
852 1488 928 1560 ἄνευ
951 1495 1004 1578 τῆς
1027 1496 1126 1558 orituri

44 1594 205 1671 κελεύσεως
233 1597 366 1660 τοιαῦτα
396 1597 527 1678 τολμᾶτε
548 1594 826 1679 διαπρόττεσθαις
856 1593 913 1678 την
932 1597 989 1658 τοῦ
1013 1593 1126 1666 δουκός

46 1687 93 1757 adr
110 1705 244 1777 γυναῖκα
262 1693 485 1780 ἀποκείροντες
507 1697 552 1772 εἰς
573 1693 629 1760 τόν
648 1697 681 1759 ἐν
694 1691 906 1780 Παφλαγονίᾳ
928 1689 1008 1760 οἷκον
1029 1686 1127 1775 αὐτῆς

46 1795 263 1875 ἐξαπέστειλαν,
286 1796 526 1878 εόνουχίσαντες
549 1793 604 1860 καί
629 1793 685 1860 τόν
705 1793 776 1858 υἱόν
796 1795 908 1858 orituri.

15 1905 39 1958 u
116 1896 295 1982 Αὐγούστῳ
316 1897 351 1959 δέ
370 1899 448 1980 μηνί
460 1894 592 1975 Συμεών
611 1891 627 1957 ό
644 1893 847 1980 Βουλγοιρίας
868 1884 975 1976 ἄρχων
998 1895 1159 1976 &sarpa—B

45 1995 149 2070 τείσας
172 1992 254 2058 κατὰ
274 1993 439 2076 Ῥωμαίων
459 1994 520 2060 σόν
541 1988 624 2082 όχλιγ
646 1999 746 2078 βαρεῖ
761 1998 932 2076 κατέλαβεν
953 1992 1011 2076 τὴν
1033 1997 1130 2057 licor—

45 2093 303 2180 occurrerimus,
322 2095 377 2160 καί
398 2091 436 2180 δὴ
461 2100 671 2179 περικαθίσας
692 2095 790 2179 πότην
810 2097 939 2177 χάρακα
960 2097 1130 2174 περιέβαλ.

46 2197 89 2256 λεν
108 2193 170 2258 riuti
187 2217 221 2258 τε
243 2199 437 2282 Βλαχερνυόν
458 2195 512 2260 καί
527 2198 623 2277 μέχρι
646 2197 700 2278 τῆς
723 2196 888 2278 λεγομένης
907 2188 1131 2277 πόρτηςΧρυ.

47 2295 105 2376 σῆς,
128 2299 182 2358 καί
203 2297 309 2360 ἐλπίσι
329 2299 487 2380 μετέωρος
511 2291 556 2358 niv
577 2291 710 2378 ἀπονητί
730 2292 851 2368 πόντιος
872 2287 961 2355 ἑλεῖν.
992 2292 1075 2353 «ἐπεί
1094 2293 1130 2354 δὲ

16 2392 95 2472 titia
114 2417 145 2458 τε
167 2395 230 2458 τεόν
251 2399 364 2478 τειχῶν
378 2401 559 2476 κατέμαθεν
582 2394 759 2478 ὀχυρότητα
779 2385 834 2477 τήν
856 2401 890 2455 ta
914 2393 947 2455 ἐκ
970 2394 1027 2454 τοῦ
1050 2385 1130 2469 πλη.

48 2494 116 2568 δους
126 2492 179 2557 καί
190 2496 254 2559 τῶν
265 2493 461 2579 πετροβόλων
476 2498 663 2583 α’σφόλειαν,
675 2497 737 2558 τῶν
750 2492 886 2558 a'inr'd'ror
896 2490 1035 2578 σφαλείς
1047 2491 1079 2553 ἐν
1089 2493 1132 2574 τῷ

108 2652 131 2703 5-
157 2654 283 2726 Λίγίδην
304 2655 357 2707 add
378 2659 533 2724 Anonymua
551 2664 577 2706 et
597 2653 734 2706 cedrenus

49 2814 143 2868 xerunt,
154 2813 182 2858 et
195 2806 230 2858 ad
240 2809 379 2874 Dalmatae
392 2810 585 2862 monasterium
599 2809 729 2860 abductos
742 2808 869 2879 supplicii
884 2823 915 2856 ac
927 2803 1130 2856 condemnatio-

50 2874 84 2923 ais
102 2880 209 2930 nomiae
231 2880 292 2930 ioco
311 2881 411 2932 celebri
427 2883 548 2934 fecerunt
565 2883 715 2931 inclusum:
735 2881 853 2932 Leonem
867 2894 930 2928 vero
943 2875 1132 2926 Catacalitzcm

50 2951 73 2994 et
85 2945 236 3000 Abesaaiom
255 2950 366 3003 Arotrae
381 2953 466 3002 sdiurn
485 2960 640 3019 pucaecatos
660 2952 688 3002 in
707 2951 817 3002 exilium
836 2951 976 2999 miserunt.
1000 2947 1131 2998 Constan-

50 3014 124 3066 tinum
149 3028 241 3072 autem
270 3023 406 3090 Eulumpii
434 3023 518 3074 tilium
537 3032 565 3074 et
585 3025 642 3074 eius
664 3024 776 3074 comites
804 3018 963 3072 philotheus
982 3014 1132 3091 praefecti*

50 3085 77 3134 ad
94 3089 152 3140 circi
175 3099 274 3142 metam
295 3093 384 3158 gladio
404 3093 584 3146 obtruncavit.
608 3111 662 3145 non
679 3093 786 3144 modica
805 3109 869 3144 vero
889 3091 922 3140 de
942 3091 1036 3140 Niceta
1055 3106 1069 3136 a
1089 3105 1132 3136 se·
1201 3109 1205 3114 ·

51 3159 119 3208 cretis
145 3169 173 3212 et
191 3164 373 3215 Constantino
403 3165 470 3216 Libe
498 3166 696 3234 perquisitione
721 3165 808 3224 facta,
827 3163 899 3232 ipsi,
920 3177 970 3211 ceu
999 3160 1060 3224 fuga
1080 3157 1131 3218 usi,

51 3227 194 3284 unitatenus
215 3235 315 3302 raperti
334 3243 404 3286 scrut.
427 3237 513 3304 ipsum
527 3246 616 3286 nartem
636 3236 801 3304 multosque,
821 3235 944 3303 quicum
964 3233 1021 3296 ipso
1044 3237 1129 3288 erant,

51 3297 121 3350 fortes
141 3305 211 3354 viros
231 3307 373 3368 aDamali,
392 3324 461 3376 quae
481 3316 522 3358 eat
534 3306 730 3375 chrysopoleos
750 3307 835 3365 locus,
853 3301 886 3352 ad
900 3303 1022 3353 Lacotena
1044 3315 1130 3365 usque

51 3372 151 3432 geminis
173 3375 253 3442 lignis
276 3377 331 3427 sive
351 3378 431 3428 iurci'a
458 3387 568 3429 cunctos
588 3378 803 3446 suspenderunt3
829 3373 1015 3442 plurimosque
1034 3369 1131 3418 crude·

53 3437 107 3490 liter
126 3453 152 3496 et
171 3446 231 3498 sine
252 3463 333 3498 causa
361 3448 405 3498 isti
425 3457 611 3518 procuratores
636 3448 770 3516 appellati
797 3446 857 3497 neci
876 3442 1058 3503 tradidissent,
1077 3440 1131 3489 uisi

52 3508 159 3564 iudicum
179 3516 289 3586 quidam
308 3518 431 3587 iniquum
448 3537 540 3571 eorum
559 3521 690 3588 impetum
712 3516 916 3576 cohibuissent,
935 3513 1056 3562 dicent&
1075 3509 1129 3559 il¹i⁸

53 3585 118 3634 “cum
138 3586 227 3639 aeliruc
252 3590 398 3658 imperator
426 3591 495 3641 inter
523 3607 622 3658 pueros
646 3598 725 3657 agat,
748 3585 883 3658 quomodo
902 3586 960 3634 sine
981 3583 1038 3632 eius
1056 3581 1131 3630 iussu

52 3652 107 3728 {ilia
124 3665 230 3724 patrare
252 3660 460 3728 aggredimini?''
505 3659 606 3712 deinde
625 3662 706 3711 Ducis
724 3675 844 3720 uxorem,
863 3654 979 3708 caesarie
997 3653 1131 3720 deposita,

54 3725 290 3802 ¹¹1neinadomurn‚
321 3748 400 3800 quam
418 3733 446 3783 in
465 3731 648 3803 Paphlagonia
670 3730 837 3800 possidebat,
859 3728 916 3778 uuo
935 3725 993 3776 eius
1006 3721 1131 3776 virilibus

53 3803 116 3856 puus
138 3802 414 3864 exsecto,1niserunt.

114 3867 205 3922 Mense
224 3888 305 3941 porro
325 3876 444 3940 Augusto
464 3873 572 3924 Simeon
586 3872 727 3939 Rulgariae
745 3870 872 3940 princeps
892 3865 1015 3916 adversus
1035 3866 1133 3914 Roma-

53 3945 103 3995 nos,
120 3951 272 4008 comparato
301 3944 420 3994 exercitu
446 3959 507 3994 curu
534 3942 708 3994 multitudine
728 3942 819 4008 gravi,
837 3939 940 4007 Cpoiinr
972 3935 1085 4003 appulit,
1107 3942 1135 3985 et

54 4003 115 4054 vatio
146 4027 161 4060 a
183 4012 336 4066 Blacheruis
360 4014 394 4065 ad
419 4023 523 4086 portam
543 4013 670 4080 Chrysen]
698 4020 819 4072 vocatam
840 4007 1022 4060 circumducto
1042 4006 1135 4056 rrrireru

57 4071 168 4146 bhsedit3
195 4083 301 4154 alisque
325 4087 384 4152 spei
402 4103 465 4136 suae
485 4088 513 4136 in
540 4085 655 4136 sublime
675 4084 761 4134 elatus
780 4083 952 4132 subacturum
971 4097 998 4128 se
1021 4079 1132 4128 omuino

57 4137 123 4214 ¹¹}‘il0
139 4151 231 4224 labore
250 4157 436 4224 promittebat.
457 4153 578 4225 probatis
597 4164 685 4206 autem
707 4155 734 4202 in
757 4152 896 4204 adversum
919 4149 1054 4199 nroeuiuru
1072 4163 1133 4196 mu-

57 4219 179 4276 ¹²¹¹¹¹⁰⁰i¹⁵›
200 4224 330 4298 urbisque
354 4245 387 4278 en
407 4229 502 4298 populi
526 4227 603 4296 copia
625 4235 652 4277 et
669 4224 799 4277 machinis
818 4223 961 4276 securitate
980 4237 1010 4270 ac
1029 4219 1134 4290 praesi-
