2932 4892
181 377 186 402 ,
233 288 324 382 ”st
565 279 741 394 [nuour's
771 277 1061 392 susurrarret]

273 469 406 547 Καῖσαρ
429 461 466 525 dl
486 456 659 542 έπεκλήθη,
683 455 700 522 d
728 461 851 541 λέγεται
873 452 1033 541 σίνατομὴ,
1062 448 1109 521 ὅτι
1129 452 1289 538 θανούσης
1309 459 1362 538 τῆς

271 563 392 648 μητρός
410 560 513 625 adseri
531 561 568 624 έν
582 561 626 646 sagi
646 559 761 645 ε’ννάτρι
794 555 871 642 μηνί
886 555 1000 640 ταύτην
1021 552 1227 636 ἀνατεμόντες
1249 552 1361 638 ἑξήγα.

272 687 328 747 γον
346 662 455 728 αάτάν.
509 642 599 732 οὗτος
627 658 684 721 καί
708 652 862 738 δικτάτωρ
891 651 1029 740 ἐκλήθη,
1055 649 1072 718 ὅ
1095 655 1163 719 έσει
1180 652 1361 738 μσνάρχης·
1450 677 1451 744 η

271 760 459 844 δικτατωρία
480 760 517 823 δέ
537 759 622 823 έστιν
640 753 724 838 άρχη
747 751 974 830 άνυπεάθννος.
1027 752 1269 835 μετωνόμασται
1289 753 1364 819 ddd

271 857 539 944 ἐπονομαζόμενος
559 859 742 930 Κυιντίλιος
760 852 824 938 μην
851 853 987 929 Ἰούλιος
1007 849 1062 918 διά
1083 855 1245 937 Καίσαρα,
1267 850 1311 926 ὥς
1331 854 1389 927 ε’ν5

269 961 369 1050 τούτῳ
406 960 509 1024 αὐτοῦ
540 952 810 1039 μοναρχήσαντος.
862 952 878 1018 ά
910 952 1008 1030 adada
1041 951 1177 1030 Ἰοάλιος
1205 951 1366 1036 μεγίστοις
1451 964 1452 994 t

271 1061 373 1143 άγάστ
395 1054 580 1142 Γερμανοὺς
600 1055 656 1120 καί
675 1051 821 1126 Γάλλους
841 1054 898 1118 καί
915 1050 1096 1138 Βρετανοάς
1115 1051 1364 1135 χειρωσάμενος,

270 1155 536 1244 άπσφάρουςτοίς
552 1155 722 1233 Ῥωμαίοις
744 1156 951 1228 πεντακοσίας
974 1153 1082 1229 πόλεις
1102 1151 1288 1232 οἰκουμένας
1307 1173 1367 1216 κου

270 1256 450 1342 aestiuare.
492 1254 595 1343 τοάττηι
615 1255 732 1337 ἐτέχθη
754 1253 846 1328 ἵππος
865 1248 938 1318 dari
957 1251 1054 1335 έπλῆς
1071 1248 1174 1336 χηλάς
1194 1247 1288 1336 ἔχων,
1311 1253 1369 1314 καί
1452 1258 1453 1268 ’

272 1359 394 1441 μηδένα
417 1353 523 1439 ’ἕτερον
544 1349 704 1436 ἀναβάτην
725 1350 895 1434 δεχόμενος
916 1345 938 1434 ἢ
958 1346 1063 1434 αάτάν,
1083 1349 1127 1424 σάς
1149 1346 1166 1414 ά
1193 1347 1367 1436 Βουκεφά-
1377 1369 1406 1422 10
1452 1371 1453 1380 ’

272 1462 330 1532 λας
351 1453 407 1520 τάν
422 1450 650 1539 Ἀλέξανδρον.
691 1448 792 1538 sedatu
812 1451 958 1533 μέλλοντί
969 1471 1042 1517 ποτε
1055 1448 1114 1534 τήν
1136 1443 1266 1515 αάλεισν
1285 1452 1369 1528 ε’ξιέ-
1452 1477 1453 1482 ’

273 1579 327 1620 ναι
347 1552 666 1638 θάρανάπερχομὲντγ
689 1552 742 1615 dni
760 1550 795 1615 τὸ
815 1547 1042 1634 βουλευτήριον
1062 1549 1155 1615 stads
1177 1551 1281 1616 αιίτοά
1303 1550 1368 1635 πρὸ
1453 1552 1454 1586 r

272 1657 336 1721 τεάν
366 1656 477 1737 θυρῶν
506 1646 629 1718 ἑστῶσα
665 1651 851 1732 ου’τσμάτισς
882 1653 1048 1736 κατέπεσε,
1076 1649 1134 1715 κατ’
1159 1648 1239 1735 πρὸς
1269 1647 1371 1739 andrus
1453 1651 1454 1660 ’

272 1749 392 1838 χάρτην
413 1754 502 1841 adsui
520 1775 568 1828 τις
587 1753 743 1816 ἐπέδωκεν
764 1747 876 1832 ἔχοντα
896 1753 1003 1815 πᾶσαν
1023 1749 1082 1834 τὴν
1103 1754 1170 1816 κατ’
1191 1749 1293 1816 αὐτοῦ
1311 1773 1371 1832 με.

274 1855 451 1936 λεττομὲνην
471 1849 662 1934 ἐπιβουλήν·
711 1852 768 1913 καί
793 1853 925 1930 νομίσας
949 1842 1029 1914 dito
1059 1874 1091 1916 τι
1116 1845 1217 1937 εἶναι,
1247 1848 1302 1914 καί
1321 1847 1410 1933 μὴιό
1454 1850 1455 1874 ’

275 1949 418 2040 έντυχοάν
439 1950 520 2014 άλλά
542 1947 688 2025 δεδωκάς
709 1945 805 2037 ἑτέρῳ
826 1947 1008 2034 φυλάττειν,
1029 1947 1153 2037 ἐσφάγη
1175 1946 1236 2014 siud
1260 1945 1372 2035 Βροά·

275 2073 331 2118 του
352 2052 408 2116 καί
425 2053 573 2116 Κασσίου
600 2051 634 2114 έν
654 2051 699 2139 τῷ
716 2049 942 2136 βουλευτηρίῳ.

656 2233 798 2306 Ὀκτάβιος
819 2233 995 2306 Αὔγουστος.

353 2368 514 2454 Ὀκτάβιος
531 2359 718 2453 Αὔγουστος
739 2365 869 2455 Καίσαρ
890 2369 1093 2451 ε’βασιλευσεν
1115 2367 1168 2456 έτη
1188 2366 1254 2445 νς’·
1313 2371 1410 2458 ἄρ”λθ
1454 2455 1457 2466 ⁴

277 2463 317 2534 οὗ
338 2464 524 2554 Αάγσυστοτ
553 2467 585 2534 σί
599 2469 765 2553 Ῥωμαίων
794 2475 937 2552 βασιλεῖς
959 2472 1014 2534 καί
1046 2465 1063 2533 ά
1092 2469 1156 2554 μην
1183 2464 1374 2554 Αὔγουστος
1456 2469 1457 2490 ’

277 2567 417 2655 ε’κληθη,
442 2564 460 2632 d
480 2572 550 2636 έστι
571 2570 751 2656 Σεβαστός,
774 2573 929 2650 Σεξτιλιος
950 2571 1025 2656 πρίν
1048 2569 1289 2654 ὀνομαζόμενος.
1334 2576 1375 2659 τῇ

349 2752 376 2806 6.
393 2756 528 2825 μέγιστος
544 2753 565 2806 C

279 2931 321 2975 est
340 2921 472 2976 Caesari.
491 2940 516 2977 e.
543 2923 686 2988 dissectio,
705 2923 769 2996 quia
790 2931 897 2977 mortua
919 2931 1004 2978 nistre
1022 2925 1081 2978 eius
1100 2940 1175 2977 nouo
1192 2941 1294 2990 mense,
1314 2942 1373 2977 essu

279 2993 442 3046 dissecantes
463 3013 524 3047 eum
545 2997 725 3065 protulerunt.
765 2994 853 3048 dictus
869 3002 911 3047 est
930 2995 1003 3048 idem
1024 2995 1150 3060 dictator,
1170 2995 1197 3052 h.
1218 3013 1242 3048 e.
1260 2994 1373 3048 monar-

279 3064 362 3131 chus;
383 3063 515 3117 dictatura
534 3075 624 3118 autem
650 3076 691 3120 est
716 3084 849 3119 summum
865 3067 1024 3138 'imper-ium.
1071 3069 1226 3120 nominatus
1255 3075 1297 3119 est
1326 3068 1373 3139 qui

278 3144 359 3188 autea
378 3135 520 3188 dicebatur
544 3137 676 3208 Quintilis
694 3139 809 3202 mensis,
827 3138 923 3202 lulius,
943 3137 1062 3190 Caesaris
1080 3139 1175 3208 gratia,
1193 3138 1325 3208 quonism
1342 3155 1374 3190 eo

279 3224 391 3274 regnum
417 3207 531 3276 adeptus
549 3217 598 3261 est.
640 3208 713 3260 idem
738 3210 823 3262 Iulius
850 3209 973 3260 maximis
1003 3209 1194 3262 certaminibus
1222 3209 1373 3262 Germanos

279 3277 374 3329 Gallos
407 3287 436 3331 et
456 3279 598 3332 Britannos
624 3278 733 3344 devicit,
753 3288 782 3333 et
800 3279 853 3334 ⁵00
877 3279 957 3332 urbes
977 3281 1100 3333 Romanis
1119 3279 1277 3334 tributarias
1298 3281 1372 3332 fecit.

278 3348 342 3400 huic
359 3356 440 3401 natus
459 3357 501 3402 est
518 3367 625 3421 equus,
643 3353 690 3421 qui
708 3367 757 3420 pro
776 3351 871 3404 solidis
888 3351 997 3420 ungulis
1018 3351 1117 3404 bifidas
1137 3351 1269 3414 hahebat,
1282 3367 1373 3422 neque

279 3437 443 3489 quemquam
460 3430 568 3488 praeter
595 3421 684 3490 ipsum
706 3423 825 3490 equitem
842 3422 998 3492 patiebatur
1021 3423 1101 3476 sicuti
1121 3421 1269 3474 Alexandri
1287 3425 1372 3474 Buce-

277 3490 384 3558 phalus.
422 3492 528 3543 exituro
547 3492 682 3562 quondam
702 3492 815 3545 Caesare
843 3509 877 3544 ex
896 3492 1026 3546 vestibuli
1049 3501 1135 3564 porta,
1154 3501 1182 3546 et
1198 3495 1228 3546 in
1249 3501 1374 3544 senatum

278 3561 361 3624 ituro,
380 3562 552 3614 simulacrum
570 3564 637 3628 eius,
654 3563 729 3633 quod
747 3572 810 3616 ante
832 3563 932 3616 ostium
956 3563 1054 3626 stabat,
1071 3563 1203 3630 concidit;
1224 3581 1281 3634 quo
1300 3564 1372 3616 facto

279 3630 359 3684 tomo
380 3632 489 3702 quidam
508 3633 627 3686 chartam
651 3635 675 3684 ei
695 3633 789 3697 dedit,
814 3651 869 3706 qua
889 3651 983 3687 omnes
1000 3643 1094 3688 contra
1118 3652 1180 3688 eum
1197 3635 1265 3688 inita
1283 3634 1374 3688 eonsi-

278 3702 316 3752 lia
333 3703 562 3770 continebuntur;
594 3705 691 3758 Caesar
722 3714 793 3757 ratus
817 3705 892 3758 uliud
911 3704 979 3778 quid
997 3722 1066 3770 esse,
1083 3723 1140 3759 non
1159 3705 1278 3776 inspexit
1295 3705 1374 3768 char·

279 3773 407 3896 tam‚tsed
426 3773 502 3898 dtedit
529 3775 637 3829 suidam
658 3775 864 3842 asservandum,
882 3784 911 3830 et
926 3793 943 3829 a
960 3778 1042 3830 Bruto
1063 3785 1093 3832 et
1111 3777 1201 3831 Cassio
1224 3777 1255 3832 lu
1275 3784 1373 3832 senatu

278 3858 345 3894 neca
359 3860 388 3895 us
409 3860 436 3896 es
452 3882 458 3896 .

676 3991 810 4045 Οοτκκτυτ
823 3993 969 4046 Aususrus.

346 4105 473 4160 Octavius
493 4107 629 4180 Augustus
647 4109 744 4164 Caesar
762 4111 796 4164 56
809 4129 894 4164 annos
911 4112 1043 4182 regnavit,
1064 4129 1152 4182 aquo
1170 4111 1284 4178 Augusti
1303 4107 1369 4161 dicti

279 4181 342 4227 sunt
361 4177 539 4232 Romanorum
560 4197 646 4252 reges,
667 4190 696 4237 at
711 4181 811 4238 mensis
830 4184 967 4254 Augustus
985 4184 1003 4238 i.
1016 4199 1041 4240 s.
1058 4180 1236 4248 venerandus,
1254 4181 1303 4254 qui
1320 4194 1368 4230 an-
