<?xml version="1.0" encoding="UTF-8"?>
<!DOCTYPE html PUBLIC "-//W3C//DTD XHTML 1.0 Transitional//EN"
    "http://www.w3.org/TR/xhtml1/DTD/xhtml1-transitional.dtd">
<html xmlns="http://www.w3.org/1999/xhtml" xml:lang="en" lang="en">
 <head>
  <title>
</title>
<meta http-equiv="Content-Type" content="text/html;charset=utf-8" />
  <meta name='ocr-system' content='tesseract 3.04.00' />
  <meta name='ocr-capabilities' content='ocr_page ocr_carea ocr_par ocr_line ocrx_word'/>
</head>
<body>
  <div class='ocr_page' id='page_1' title='image "./chronographia01eustgoog_0500.png"; bbox 0 0 2892 4904; ppageno 0'>
   <div class='ocr_carea' id='block_1_1' title="bbox 213 344 1162 420">
    <p class='ocr_par' dir='ltr' id='par_1_1' title="bbox 213 344 1162 420">
     <span class='ocr_line' id='line_1_1' title="bbox 213 344 1162 420; baseline 0 -4"><span class='ocrx_word' id='word_1_1' title='bbox 213 355 268 418; x_wconf 87' lang='lat' dir='ltr'><strong>DE</strong></span> <span class='ocrx_word' id='word_1_2' title='bbox 285 350 591 418; x_wconf 68' lang='lat' dir='ltr'><strong>Tnmsatotttca</strong></span> <span class='ocrx_word' id='word_1_3' title='bbox 610 348 639 414; x_wconf 78' lang='lat' dir='ltr'>A</span> <span class='ocrx_word' id='word_1_4' title='bbox 657 348 816 415; x_wconf 78' lang='lat' dir='ltr'><strong>LaTlatts</strong></span> <span class='ocrx_word' id='word_1_5' title='bbox 836 351 981 417; x_wconf 77' lang='lat' dir='ltr'><strong>CAPTA.</strong></span> <span class='ocrx_word' id='word_1_6' title='bbox 1061 355 1063 362; x_wconf 77' lang='grc'>’</span> <span class='ocrx_word' id='word_1_7' title='bbox 1089 344 1162 420; x_wconf 69' lang='grc'><strong>497</strong></span> 
     </span>
    </p>
   </div>
   <div class='ocr_carea' id='block_1_2' title="bbox 40 493 1237 2678">
    <p class='ocr_par' dir='ltr' id='par_1_2' title="bbox 40 493 1237 2678">
     <span class='ocr_line' id='line_1_2' title="bbox 77 493 1164 586; baseline -0.002 -16"><span class='ocrx_word' id='word_1_8' title='bbox 77 503 117 582; x_wconf 81' lang='grc' dir='ltr'><strong>τός</strong></span> <span class='ocrx_word' id='word_1_9' title='bbox 135 505 170 570; x_wconf 76' lang='grc' dir='ltr'><strong>δὲ</strong></span> <span class='ocrx_word' id='word_1_10' title='bbox 191 507 246 568; x_wconf 81' lang='grc' dir='ltr'><strong><em>κατ’</em></strong></span> <span class='ocrx_word' id='word_1_11' title='bbox 259 502 343 583; x_wconf 65' lang='lat' dir='ltr'><strong>inpos*</strong></span> <span class='ocrx_word' id='word_1_12' title='bbox 362 496 485 586; x_wconf 70' lang='grc' dir='ltr'><strong><em>ἄνδρες,</em></strong></span> <span class='ocrx_word' id='word_1_13' title='bbox 505 504 622 584; x_wconf 69' lang='lat' dir='ltr'><strong>dynant</strong></span> <span class='ocrx_word' id='word_1_14' title='bbox 640 499 673 564; x_wconf 88' lang='grc' dir='ltr'><strong>τό</strong></span> <span class='ocrx_word' id='word_1_15' title='bbox 698 493 776 584; x_wconf 73' lang='grc' dir='ltr'><strong><em>ἦθος</em></strong></span> <span class='ocrx_word' id='word_1_16' title='bbox 797 505 851 564; x_wconf 80' lang='grc' dir='ltr'><strong><em>καί</em></strong></span> <span class='ocrx_word' id='word_1_17' title='bbox 866 493 926 564; x_wconf 82' lang='grc' dir='ltr'><strong><em>οἷοι</em></strong></span> <span class='ocrx_word' id='word_1_18' title='bbox 945 499 989 585; x_wconf 75' lang='grc' dir='ltr'><strong>μὴ</strong></span> <span class='ocrx_word' id='word_1_19' title='bbox 1015 507 1164 583; x_wconf 82' lang='grc' dir='ltr'><strong><em>παλαμᾶ-</em></strong></span> 
     </span>
     <span class='ocr_line' id='line_1_3' title="bbox 75 599 1164 686; baseline -0.003 -16"><span class='ocrx_word' id='word_1_20' title='bbox 75 609 150 670; x_wconf 89' lang='grc' dir='ltr'><strong><em>σθαι</em></strong></span> <span class='ocrx_word' id='word_1_21' title='bbox 169 604 207 668; x_wconf 83' lang='grc' dir='ltr'><strong>τό</strong></span> <span class='ocrx_word' id='word_1_22' title='bbox 231 601 276 686; x_wconf 78' lang='grc' dir='ltr'><em>μή</em></span> <span class='ocrx_word' id='word_1_23' title='bbox 300 607 433 684; x_wconf 83' lang='grc' dir='ltr'><strong><em>όέοντα,</em></strong></span> <span class='ocrx_word' id='word_1_24' title='bbox 457 599 630 684; x_wconf 81' lang='grc' dir='ltr'><em>συνήραντο</em></span> <span class='ocrx_word' id='word_1_25' title='bbox 651 603 826 682; x_wconf 73' lang='grc' dir='ltr'><em>ἐγκρατῶς,</em></span> <span class='ocrx_word' id='word_1_26' title='bbox 858 601 914 664; x_wconf 77' lang='grc' dir='ltr'>καί</span> <span class='ocrx_word' id='word_1_27' title='bbox 934 600 1052 678; x_wconf 78' lang='grc' dir='ltr'><strong><em>πάντες</em></strong></span> <span class='ocrx_word' id='word_1_28' title='bbox 1071 607 1164 668; x_wconf 80' lang='grc' dir='ltr'><strong><em>ἐλάτ-</em></strong></span> 
     </span>
     <span class='ocr_line' id='line_1_4' title="bbox 75 695 1163 785; baseline -0.002 -17"><span class='ocrx_word' id='word_1_29' title='bbox 75 727 146 777; x_wconf 83' lang='grc' dir='ltr'><strong><em>τους</em></strong></span> <span class='ocrx_word' id='word_1_30' title='bbox 164 695 245 785; x_wconf 77' lang='grc' dir='ltr'><strong><em>ἧσαν</em></strong></span> <span class='ocrx_word' id='word_1_31' title='bbox 277 706 333 785; x_wconf 81' lang='grc' dir='ltr'><strong>τῆς</strong></span> <span class='ocrx_word' id='word_1_32' title='bbox 365 706 421 767; x_wconf 82' lang='grc' dir='ltr'><strong>τοῦ</strong></span> <span class='ocrx_word' id='word_1_33' title='bbox 450 699 539 782; x_wconf 74' lang='grc' dir='ltr'><strong><em>ἱεροῦ</em></strong></span> <span class='ocrx_word' id='word_1_34' title='bbox 568 706 676 781; x_wconf 78' lang='grc' dir='ltr'><strong><em>σι’γνοο</em></strong></span> <span class='ocrx_word' id='word_1_35' title='bbox 696 697 825 781; x_wconf 79' lang='grc' dir='ltr'><strong><em>ἰσχόος,</em></strong></span> <span class='ocrx_word' id='word_1_36' title='bbox 852 705 908 764; x_wconf 77' lang='grc' dir='ltr'><strong><em>κατ’</em></strong></span> <span class='ocrx_word' id='word_1_37' title='bbox 933 701 991 763; x_wconf 73' lang='grc' dir='ltr'><strong>οὐκ</strong></span> <span class='ocrx_word' id='word_1_38' title='bbox 1020 706 1163 767; x_wconf 82' lang='grc' dir='ltr'><strong><em>ἐπείθετο</em></strong></span> 
     </span>
     <span class='ocr_line' id='line_1_5' title="bbox 75 795 1163 886; baseline 0.002 -22"><span class='ocrx_word' id='word_1_39' title='bbox 75 804 225 866; x_wconf 76' lang='grc' dir='ltr'><em>εἰσελθεῖν</em></span> <span class='ocrx_word' id='word_1_40' title='bbox 244 803 314 866; x_wconf 75' lang='grc' dir='ltr'><strong><em>αλλ’</em></strong></span> <span class='ocrx_word' id='word_1_41' title='bbox 328 795 368 883; x_wconf 79' lang='grc' dir='ltr'><strong>ἧν</strong></span> <span class='ocrx_word' id='word_1_42' title='bbox 387 801 431 878; x_wconf 64' lang='grc' dir='ltr'><strong>οἷς</strong></span> <span class='ocrx_word' id='word_1_43' title='bbox 450 801 550 864; x_wconf 85' lang='grc' dir='ltr'><strong><em>εἰπεῖν</em></strong></span> <span class='ocrx_word' id='word_1_44' title='bbox 571 799 740 882; x_wconf 81' lang='grc' dir='ltr'><strong><em>α’φόρητον,</em></strong></span> <span class='ocrx_word' id='word_1_45' title='bbox 753 795 928 882; x_wconf 70' lang='grc' dir='ltr'><em>ὑπέρχεται</em></span> <span class='ocrx_word' id='word_1_46' title='bbox 946 801 1042 886; x_wconf 82' lang='grc' dir='ltr'><strong><em>φόβος</em></strong></span> <span class='ocrx_word' id='word_1_47' title='bbox 1062 796 1163 866; x_wconf 79' lang='grc' dir='ltr'><strong><em>ἅπαν-</em></strong></span> 
     </span>
     <span class='ocr_line' id='line_1_6' title="bbox 53 893 1164 984; baseline -0.001 -20"><span class='ocrx_word' id='word_1_48' title='bbox 53 912 144 984; x_wconf 71' lang='grc' dir='ltr'><strong><em>διας,</em></strong></span> <span class='ocrx_word' id='word_1_49' title='bbox 166 893 239 964; x_wconf 83' lang='grc' dir='ltr'><strong><em>όσον</em></strong></span> <span class='ocrx_word' id='word_1_50' title='bbox 261 903 360 984; x_wconf 81' lang='grc' dir='ltr'><strong><em>ἐχρῆν</em></strong></span> <span class='ocrx_word' id='word_1_51' title='bbox 382 904 513 982; x_wconf 80' lang='grc' dir='ltr'><strong><em>παθεῖν,</em></strong></span> <span class='ocrx_word' id='word_1_52' title='bbox 543 900 737 983; x_wconf 82' lang='grc' dir='ltr'><strong><em>ἐχέφρονας,</em></strong></span> <span class='ocrx_word' id='word_1_53' title='bbox 767 896 823 961; x_wconf 72' lang='grc' dir='ltr'><strong><em>κατ’</em></strong></span> <span class='ocrx_word' id='word_1_54' title='bbox 846 900 1082 982; x_wconf 85' lang='grc' dir='ltr'><strong><em>α’νοιπρήοαντες</em></strong></span> <span class='ocrx_word' id='word_1_55' title='bbox 1107 899 1164 964; x_wconf 78' lang='grc' dir='ltr'><strong>δά·</strong></span> 
     </span>
     <span class='ocr_line' id='line_1_7' title="bbox 73 995 1165 1082; baseline -0.001 -19"><span class='ocrx_word' id='word_1_56' title='bbox 73 1023 153 1082; x_wconf 89' lang='grc' dir='ltr'><strong><em>κροα</em></strong></span> <span class='ocrx_word' id='word_1_57' title='bbox 174 995 312 1080; x_wconf 78' lang='grc' dir='ltr'><strong><em>όψωσαν</em></strong></span> <span class='ocrx_word' id='word_1_58' title='bbox 338 999 523 1079; x_wconf 82' lang='grc' dir='ltr'><strong><em>κλαυθμόν,</em></strong></span> <span class='ocrx_word' id='word_1_59' title='bbox 547 1000 601 1062; x_wconf 83' lang='grc' dir='ltr'><strong><em>κατ’</em></strong></span> <span class='ocrx_word' id='word_1_60' title='bbox 634 995 741 1082; x_wconf 84' lang='grc' dir='ltr'><strong><em>φωνοὶς</em></strong></span> <span class='ocrx_word' id='word_1_61' title='bbox 766 999 889 1080; x_wconf 81' lang='grc' dir='ltr'><strong><em>ἐπῆραν</em></strong></span> <span class='ocrx_word' id='word_1_62' title='bbox 913 999 992 1081; x_wconf 89' lang='grc' dir='ltr'><strong><em>πρός</em></strong></span> <span class='ocrx_word' id='word_1_63' title='bbox 1012 998 1064 1062; x_wconf 88' lang='grc' dir='ltr'><strong>τόν</strong></span> <span class='ocrx_word' id='word_1_64' title='bbox 1086 995 1165 1080; x_wconf 69' lang='lat' dir='ltr'><strong>tipa-</strong></span> 
     </span>
     <span class='ocr_line' id='line_1_8' title="bbox 74 1096 1164 1182; baseline 0 -18"><span class='ocrx_word' id='word_1_65' title='bbox 74 1121 145 1164; x_wconf 81' lang='grc' dir='ltr'><strong><em>σιον</em></strong></span> <span class='ocrx_word' id='word_1_66' title='bbox 164 1097 237 1164; x_wconf 82' lang='grc' dir='ltr'><strong><em>υἱόν</em></strong></span> <span class='ocrx_word' id='word_1_67' title='bbox 257 1102 311 1182; x_wconf 86' lang='grc' dir='ltr'><strong>τῆς</strong></span> <span class='ocrx_word' id='word_1_68' title='bbox 333 1096 493 1181; x_wconf 80' lang='grc' dir='ltr'><strong><em>πανόγνοο</em></strong></span> <span class='ocrx_word' id='word_1_69' title='bbox 510 1099 641 1181; x_wconf 83' lang='grc' dir='ltr'><strong><em>μητρός.</em></strong></span> <span class='ocrx_word' id='word_1_70' title='bbox 682 1101 738 1160; x_wconf 75' lang='grc' dir='ltr'><strong><em>κατ’</em></strong></span> <span class='ocrx_word' id='word_1_71' title='bbox 764 1098 822 1162; x_wconf 75' lang='lat' dir='ltr'><strong>orie</strong></span> <span class='ocrx_word' id='word_1_72' title='bbox 842 1100 1007 1179; x_wconf 79' lang='grc' dir='ltr'><strong><em>ἐνέδωκαν,</em></strong></span> <span class='ocrx_word' id='word_1_73' title='bbox 1029 1097 1089 1175; x_wconf 77' lang='grc' dir='ltr'><strong>ἕως</strong></span> <span class='ocrx_word' id='word_1_74' title='bbox 1108 1102 1164 1164; x_wconf 82' lang='grc' dir='ltr'><strong>τοῦ</strong></span> 
     </span>
     <span class='ocr_line' id='line_1_9' title="bbox 75 1191 1165 1282; baseline 0.002 -20"><span class='ocrx_word' id='word_1_75' title='bbox 75 1201 203 1281; x_wconf 82' lang='grc' dir='ltr'><strong><em>σημείου</em></strong></span> <span class='ocrx_word' id='word_1_76' title='bbox 226 1194 287 1282; x_wconf 76' lang='grc' dir='ltr'><strong>ἤδη</strong></span> <span class='ocrx_word' id='word_1_77' title='bbox 318 1201 576 1280; x_wconf 83' lang='grc' dir='ltr'><strong><em>όιαόειχθὲντος,</em></strong></span> <span class='ocrx_word' id='word_1_78' title='bbox 596 1191 663 1261; x_wconf 85' lang='grc' dir='ltr'><strong><em>εἶτα</em></strong></span> <span class='ocrx_word' id='word_1_79' title='bbox 683 1197 779 1277; x_wconf 86' lang='grc' dir='ltr'><strong><em>μόνος</em></strong></span> <span class='ocrx_word' id='word_1_80' title='bbox 798 1197 814 1262; x_wconf 88' lang='grc' dir='ltr'><strong><em>ό</em></strong></span> <span class='ocrx_word' id='word_1_81' title='bbox 835 1200 1002 1278; x_wconf 80' lang='grc' dir='ltr'><strong><em>βαστάζων</em></strong></span> <span class='ocrx_word' id='word_1_82' title='bbox 1023 1199 1165 1280; x_wconf 63' lang='lat' dir='ltr'><strong>datave-</strong></span> 
     </span>
     <span class='ocr_line' id='line_1_10' title="bbox 75 1289 1237 1382; baseline -0.003 -22"><span class='ocrx_word' id='word_1_83' title='bbox 75 1319 123 1370; x_wconf 87' lang='grc' dir='ltr'><strong>τος</strong></span> <span class='ocrx_word' id='word_1_84' title='bbox 144 1299 202 1362; x_wconf 74' lang='grc' dir='ltr'><strong><em>κατ’,</em></strong></span> <span class='ocrx_word' id='word_1_85' title='bbox 217 1297 479 1380; x_wconf 83' lang='grc' dir='ltr'><strong><em>οἷπαραπόόιστος</em></strong></span> <span class='ocrx_word' id='word_1_86' title='bbox 499 1289 597 1380; x_wconf 72' lang='grc' dir='ltr'><strong><em>ἤγαγε</em></strong></span> <span class='ocrx_word' id='word_1_87' title='bbox 618 1294 653 1359; x_wconf 87' lang='grc' dir='ltr'><strong>τό</strong></span> <span class='ocrx_word' id='word_1_88' title='bbox 676 1293 765 1378; x_wconf 75' lang='grc' dir='ltr'><strong><em>ἅγιον</em></strong></span> <span class='ocrx_word' id='word_1_89' title='bbox 788 1296 951 1382; x_wconf 87' lang='grc' dir='ltr'><strong><em>μόρφωμα</em></strong></span> <span class='ocrx_word' id='word_1_90' title='bbox 973 1296 1053 1361; x_wconf 79' lang='grc' dir='ltr'><strong><em>ἔνθα</em></strong></span> <span class='ocrx_word' id='word_1_91' title='bbox 1074 1301 1165 1381; x_wconf 78' lang='grc' dir='ltr'><strong><em>ἳόρσ.</em></strong></span> <span class='ocrx_word' id='word_1_92' title='bbox 1235 1316 1237 1320; x_wconf 84' lang='grc'><strong>’</strong></span> 
     </span>
     <span class='ocr_line' id='line_1_11' title="bbox 40 1396 1165 1481; baseline 0.002 -21"><span class='ocrx_word' id='word_1_93' title='bbox 40 1417 133 1470; x_wconf 73' lang='lat' dir='ltr'><strong>torno.</strong></span> <span class='ocrx_word' id='word_1_94' title='bbox 188 1399 244 1459; x_wconf 87' lang='grc' dir='ltr'><strong><em>καί</em></strong></span> <span class='ocrx_word' id='word_1_95' title='bbox 269 1397 372 1459; x_wconf 84' lang='grc' dir='ltr'><strong><em>ἐδόκει</em></strong></span> <span class='ocrx_word' id='word_1_96' title='bbox 398 1400 458 1476; x_wconf 84' lang='grc' dir='ltr'><strong>μὲν</strong></span> <span class='ocrx_word' id='word_1_97' title='bbox 480 1396 536 1459; x_wconf 73' lang='grc' dir='ltr'><strong><em>κατ’</em></strong></span> <span class='ocrx_word' id='word_1_98' title='bbox 560 1397 651 1460; x_wconf 78' lang='grc' dir='ltr'><strong><em>τοῦτο</em></strong></span> <span class='ocrx_word' id='word_1_99' title='bbox 676 1404 740 1470; x_wconf 86' lang='grc' dir='ltr'><strong><em>τοῖς</em></strong></span> <span class='ocrx_word' id='word_1_100' title='bbox 760 1398 915 1478; x_wconf 78' lang='grc' dir='ltr'><strong><em>γενναίοις</em></strong></span> <span class='ocrx_word' id='word_1_101' title='bbox 937 1406 1068 1481; x_wconf 78' lang='grc' dir='ltr'><strong><em>φρονεῖν</em></strong></span> <span class='ocrx_word' id='word_1_102' title='bbox 1088 1402 1165 1463; x_wconf 78' lang='grc' dir='ltr'><strong><em>ἐλα-</em></strong></span> 
     </span>
     <span class='ocr_line' id='line_1_12' title="bbox 75 1493 1164 1581; baseline 0.005 -23"><span class='ocrx_word' id='word_1_103' title='bbox 75 1496 173 1581; x_wconf 91' lang='grc' dir='ltr'><strong><em>φρόν·</em></strong></span> <span class='ocrx_word' id='word_1_104' title='bbox 216 1497 306 1580; x_wconf 77' lang='grc' dir='ltr'><strong><em>ἡμεῖς</em></strong></span> <span class='ocrx_word' id='word_1_105' title='bbox 320 1499 356 1560; x_wconf 77' lang='grc' dir='ltr'><strong>δὲ</strong></span> <span class='ocrx_word' id='word_1_106' title='bbox 377 1494 407 1560; x_wconf 88' lang='grc' dir='ltr'><strong>οἱ</strong></span> <span class='ocrx_word' id='word_1_107' title='bbox 431 1497 578 1570; x_wconf 76' lang='grc' dir='ltr'><strong><em>ἀσθενεῖς</em></strong></span> <span class='ocrx_word' id='word_1_108' title='bbox 601 1493 835 1581; x_wconf 84' lang='grc' dir='ltr'><strong><em>ἐβαρονόμεθα,</em></strong></span> <span class='ocrx_word' id='word_1_109' title='bbox 858 1495 1064 1574; x_wconf 82' lang='grc' dir='ltr'><strong><em>όαονοοόντες</em></strong></span> <span class='ocrx_word' id='word_1_110' title='bbox 1085 1497 1164 1562; x_wconf 81' lang='grc' dir='ltr'><strong><em>ὅπου</em></strong></span> 
     </span>
     <span class='ocr_line' id='line_1_13' title="bbox 75 1586 509 1680; baseline 0.005 -22"><span class='ocrx_word' id='word_1_111' title='bbox 75 1586 158 1658; x_wconf 84' lang='grc' dir='ltr'><strong><em>νεόει</em></strong></span> <span class='ocrx_word' id='word_1_112' title='bbox 177 1595 219 1661; x_wconf 77' lang='grc' dir='ltr'><strong>τό</strong></span> <span class='ocrx_word' id='word_1_113' title='bbox 239 1599 295 1661; x_wconf 84' lang='grc' dir='ltr'><strong>τοῦ</strong></span> <span class='ocrx_word' id='word_1_114' title='bbox 315 1597 509 1680; x_wconf 81' lang='grc' dir='ltr'><strong><em>πράγματος.</em></strong></span> 
     </span>
     <span class='ocr_line' id='line_1_14' title="bbox 149 1691 1167 1779; baseline 0 -19"><span class='ocrx_word' id='word_1_115' title='bbox 149 1695 382 1778; x_wconf 75' lang='grc' dir='ltr'><strong><em>Ἀπεκρίναντο</em></strong></span> <span class='ocrx_word' id='word_1_116' title='bbox 405 1691 518 1758; x_wconf 75' lang='grc' dir='ltr'><strong><em>καὶτὰ</em></strong></span> <span class='ocrx_word' id='word_1_117' title='bbox 551 1691 622 1778; x_wconf 75' lang='grc' dir='ltr'><strong><em>ἱεροὶ</em></strong></span> <span class='ocrx_word' id='word_1_118' title='bbox 652 1694 741 1778; x_wconf 76' lang='grc' dir='ltr'><strong><em>λόγια</em></strong></span> <span class='ocrx_word' id='word_1_119' title='bbox 764 1697 797 1771; x_wconf 80' lang='grc' dir='ltr'><strong>ἐξ</strong></span> <span class='ocrx_word' id='word_1_120' title='bbox 819 1694 1001 1779; x_wconf 77' lang='grc' dir='ltr'><strong><em>ἐρωτήσεως</em></strong></span> <span class='ocrx_word' id='word_1_121' title='bbox 1021 1695 1060 1760; x_wconf 85' lang='grc' dir='ltr'><strong>τό</strong></span> <span class='ocrx_word' id='word_1_122' title='bbox 1083 1691 1167 1760; x_wconf 79' lang='lat' dir='ltr'><strong>daa-</strong></span> 
     </span>
     <span class='ocr_line' id='line_1_15' title="bbox 74 1791 1167 1882; baseline 0.004 -25"><span class='ocrx_word' id='word_1_123' title='bbox 74 1795 180 1875; x_wconf 79' lang='grc' dir='ltr'><strong><em>βάσεις</em></strong></span> <span class='ocrx_word' id='word_1_124' title='bbox 210 1797 274 1859; x_wconf 73' lang='grc' dir='ltr'><strong><em>τοῖν</em></strong></span> <span class='ocrx_word' id='word_1_125' title='bbox 295 1797 329 1860; x_wconf 89' lang='grc' dir='ltr'><strong>ἐν</strong></span> <span class='ocrx_word' id='word_1_126' title='bbox 347 1797 393 1882; x_wconf 72' lang='grc' dir='ltr'><strong>τρῖ</strong></span> <span class='ocrx_word' id='word_1_127' title='bbox 412 1799 572 1879; x_wconf 79' lang='grc' dir='ltr'><strong><em>μέλλοντι,</em></strong></span> <span class='ocrx_word' id='word_1_128' title='bbox 591 1793 649 1879; x_wconf 80' lang='grc' dir='ltr'><strong>τῆν</strong></span> <span class='ocrx_word' id='word_1_129' title='bbox 670 1792 814 1876; x_wconf 74' lang='grc' dir='ltr'><strong><em>ἅλωσιν,</em></strong></span> <span class='ocrx_word' id='word_1_130' title='bbox 835 1793 891 1876; x_wconf 74' lang='grc' dir='ltr'><strong>τήν</strong></span> <span class='ocrx_word' id='word_1_131' title='bbox 915 1795 1038 1879; x_wconf 77' lang='grc' dir='ltr'><strong><em>ἡμέραν</em></strong></span> <span class='ocrx_word' id='word_1_132' title='bbox 1061 1791 1167 1882; x_wconf 75' lang='grc' dir='ltr'><strong><em>αὐτῆς,</em></strong></span> 
     </span>
     <span class='ocr_line' id='line_1_16' title="bbox 40 1889 1167 1980; baseline 0.003 -24"><span class='ocrx_word' id='word_1_133' title='bbox 40 1893 107 1960; x_wconf 71' lang='lat' dir='ltr'><strong>torti</strong></span> <span class='ocrx_word' id='word_1_134' title='bbox 124 1890 404 1977; x_wconf 74' lang='grc' dir='ltr'><strong><em>κατακοπήσεσθαι</em></strong></span> <span class='ocrx_word' id='word_1_135' title='bbox 423 1895 517 1978; x_wconf 75' lang='grc' dir='ltr'><strong><em>ἡμᾶς.</em></strong></span> <span class='ocrx_word' id='word_1_136' title='bbox 561 1889 802 1980; x_wconf 73' lang='grc' dir='ltr'><strong><em>οόπρσφητικῆς</em></strong></span> <span class='ocrx_word' id='word_1_137' title='bbox 834 1892 1012 1978; x_wconf 80' lang='grc' dir='ltr'><strong><em>εόκρινεόας</em></strong></span> <span class='ocrx_word' id='word_1_138' title='bbox 1032 1895 1167 1980; x_wconf 80' lang='grc' dir='ltr'><strong><em>ἐκείνης·</em></strong></span> 
     </span>
     <span class='ocr_line' id='line_1_17' title="bbox 75 1988 1168 2080; baseline 0 -22"><span class='ocrx_word' id='word_1_139' title='bbox 75 1988 353 2078; x_wconf 76' lang='grc' dir='ltr'><strong><em>ιόόνεπικρόπτοο</em></strong></span> <span class='ocrx_word' id='word_1_140' title='bbox 385 1991 575 2078; x_wconf 73' lang='grc' dir='ltr'><strong><em>ἀποφάσεως</em></strong></span> <span class='ocrx_word' id='word_1_141' title='bbox 609 1997 665 2057; x_wconf 82' lang='grc' dir='ltr'><em>καί</em></span> <span class='ocrx_word' id='word_1_142' title='bbox 696 1991 998 2080; x_wconf 51' lang='lat' dir='ltr'><strong>piammonem</strong></span> <span class='ocrx_word' id='word_1_143' title='bbox 1027 1996 1168 2072; x_wconf 82' lang='grc' dir='ltr'><strong><em>λόξωσιν.</em></strong></span> 
     </span>
     <span class='ocr_line' id='line_1_18' title="bbox 74 2089 473 2178; baseline 0 -22"><span class='ocrx_word' id='word_1_144' title='bbox 74 2096 125 2158; x_wconf 75' lang='grc' dir='ltr'><strong><em>κατ’</em></strong></span> <span class='ocrx_word' id='word_1_145' title='bbox 145 2089 239 2176; x_wconf 79' lang='grc' dir='ltr'><strong><em>ἡμεῖς</em></strong></span> <span class='ocrx_word' id='word_1_146' title='bbox 260 2091 473 2178; x_wconf 86' lang='grc' dir='ltr'><strong><em>ἐκωφεόσμεν.</em></strong></span> 
     </span>
     <span class='ocr_line' id='line_1_19' title="bbox 149 2186 1168 2278; baseline 0 -20"><span class='ocrx_word' id='word_1_147' title='bbox 149 2186 212 2258; x_wconf 86' lang='grc' dir='ltr'><strong>Ἦν</strong></span> <span class='ocrx_word' id='word_1_148' title='bbox 235 2195 408 2276; x_wconf 75' lang='grc' dir='ltr'><strong><em>τηνικαῦτα</em></strong></span> <span class='ocrx_word' id='word_1_149' title='bbox 433 2192 548 2278; x_wconf 85' lang='grc' dir='ltr'><strong><em>καιρός,</em></strong></span> <span class='ocrx_word' id='word_1_150' title='bbox 572 2192 659 2276; x_wconf 85' lang='grc' dir='ltr'><strong><em>παρό</em></strong></span> <span class='ocrx_word' id='word_1_151' title='bbox 686 2192 724 2257; x_wconf 85' lang='grc' dir='ltr'><strong>τό</strong></span> <span class='ocrx_word' id='word_1_152' title='bbox 745 2199 910 2260; x_wconf 78' lang='grc' dir='ltr'><strong><em>τελευταῖα</em></strong></span> <span class='ocrx_word' id='word_1_153' title='bbox 932 2192 988 2276; x_wconf 80' lang='grc' dir='ltr'><strong>τῆς</strong></span> <span class='ocrx_word' id='word_1_154' title='bbox 1009 2193 1168 2275; x_wconf 82' lang='grc' dir='ltr'><strong><em>όλιόσεως,</em></strong></span> 
     </span>
     <span class='ocr_line' id='line_1_20' title="bbox 75 2282 1166 2376; baseline 0.005 -23"><span class='ocrx_word' id='word_1_155' title='bbox 75 2289 125 2356; x_wconf 85' lang='grc' dir='ltr'><strong>καέ</strong></span> <span class='ocrx_word' id='word_1_156' title='bbox 138 2288 313 2376; x_wconf 72' lang='grc' dir='ltr'><strong><em>περικοπὰς</em></strong></span> <span class='ocrx_word' id='word_1_157' title='bbox 342 2292 546 2376; x_wconf 74' lang='grc' dir='ltr'><strong><em>εόαγνελικσὶς</em></strong></span> <span class='ocrx_word' id='word_1_158' title='bbox 576 2295 626 2357; x_wconf 91' lang='grc' dir='ltr'><strong>ἐπ’</strong></span> <span class='ocrx_word' id='word_1_159' title='bbox 661 2282 825 2376; x_wconf 80' lang='grc' dir='ltr'><strong><em>ἐκκλησόας</em></strong></span> <span class='ocrx_word' id='word_1_160' title='bbox 855 2295 1087 2376; x_wconf 84' lang='grc' dir='ltr'><strong><em>ἐκφωνεῖσθαι,</em></strong></span> <span class='ocrx_word' id='word_1_161' title='bbox 1124 2297 1166 2358; x_wconf 79' lang='grc' dir='ltr'><strong>δι’</strong></span> 
     </span>
     <span class='ocr_line' id='line_1_21' title="bbox 40 2385 1167 2478; baseline 0 -18"><span class='ocrx_word' id='word_1_162' title='bbox 40 2385 118 2462; x_wconf 74' lang='lat' dir='ltr'><strong>tonia</strong></span> <span class='ocrx_word' id='word_1_163' title='bbox 136 2390 174 2456; x_wconf 82' lang='grc' dir='ltr'><strong>τό</strong></span> <span class='ocrx_word' id='word_1_164' title='bbox 198 2393 257 2475; x_wconf 81' lang='grc' dir='ltr'><strong>τῆς</strong></span> <span class='ocrx_word' id='word_1_165' title='bbox 280 2388 365 2456; x_wconf 66' lang='lat' dir='ltr'><strong>nde</strong></span> <span class='ocrx_word' id='word_1_166' title='bbox 387 2395 678 2478; x_wconf 82' lang='grc' dir='ltr'><strong><em>στηλογραφοόνται</em></strong></span> <span class='ocrx_word' id='word_1_167' title='bbox 699 2392 788 2458; x_wconf 79' lang='grc' dir='ltr'><strong><em>κακά.</em></strong></span> <span class='ocrx_word' id='word_1_168' title='bbox 832 2396 887 2458; x_wconf 70' lang='grc' dir='ltr'><strong><em>κατ’</em></strong></span> <span class='ocrx_word' id='word_1_169' title='bbox 907 2389 935 2455; x_wconf 88' lang='grc' dir='ltr'><strong>οἱ</strong></span> <span class='ocrx_word' id='word_1_170' title='bbox 957 2391 1018 2458; x_wconf 83' lang='grc' dir='ltr'><strong>ἔσω</strong></span> <span class='ocrx_word' id='word_1_171' title='bbox 1041 2396 1167 2478; x_wconf 78' lang='grc' dir='ltr'><strong><em>φρενῶν</em></strong></span> 
     </span>
     <span class='ocr_line' id='line_1_22' title="bbox 76 2489 1168 2580; baseline 0.005 -28"><span class='ocrx_word' id='word_1_172' title='bbox 76 2490 250 2576; x_wconf 76' lang='grc' dir='ltr'><strong><em>ἱερολογιάν</em></strong></span> <span class='ocrx_word' id='word_1_173' title='bbox 270 2489 347 2556; x_wconf 77' lang='grc' dir='ltr'><strong><em>κατὰ</em></strong></span> <span class='ocrx_word' id='word_1_174' title='bbox 368 2495 424 2574; x_wconf 82' lang='grc' dir='ltr'><strong>τῆς</strong></span> <span class='ocrx_word' id='word_1_175' title='bbox 444 2491 561 2568; x_wconf 88' lang='grc' dir='ltr'><strong><em>πόλεως</em></strong></span> <span class='ocrx_word' id='word_1_176' title='bbox 582 2490 734 2556; x_wconf 85' lang='grc' dir='ltr'><strong><em>όπενόοον</em></strong></span> <span class='ocrx_word' id='word_1_177' title='bbox 757 2494 852 2557; x_wconf 81' lang='grc' dir='ltr'><strong><em>αότό.</em></strong></span> <span class='ocrx_word' id='word_1_178' title='bbox 895 2491 982 2571; x_wconf 77' lang='grc' dir='ltr'><strong><em>ἔδοξε</em></strong></span> <span class='ocrx_word' id='word_1_179' title='bbox 1002 2497 1045 2580; x_wconf 81' lang='grc' dir='ltr'><strong>τῷ</strong></span> <span class='ocrx_word' id='word_1_180' title='bbox 1065 2489 1168 2580; x_wconf 75' lang='grc' dir='ltr'><strong><em>ἄρχη-</em></strong></span> 
     </span>
     <span class='ocr_line' id='line_1_23' title="bbox 74 2584 1167 2678; baseline 0.002 -24"><span class='ocrx_word' id='word_1_181' title='bbox 74 2594 117 2678; x_wconf 75' lang='grc' dir='ltr'><strong>νρῖ</strong></span> <span class='ocrx_word' id='word_1_182' title='bbox 134 2593 321 2675; x_wconf 72' lang='grc' dir='ltr'><strong><em>τηνικαῦτα,</em></strong></span> <span class='ocrx_word' id='word_1_183' title='bbox 342 2584 394 2656; x_wconf 84' lang='grc' dir='ltr'><strong><em>οἶα</em></strong></span> <span class='ocrx_word' id='word_1_184' title='bbox 409 2596 471 2655; x_wconf 84' lang='grc' dir='ltr'><strong><em>τοόν</em></strong></span> <span class='ocrx_word' id='word_1_185' title='bbox 480 2595 695 2675; x_wconf 78' lang='grc' dir='ltr'><strong><em>στρατηγικῶν</em></strong></span> <span class='ocrx_word' id='word_1_186' title='bbox 713 2591 917 2677; x_wconf 79' lang='grc' dir='ltr'><strong><em>α’πεγνωκότι,</em></strong></span> <span class='ocrx_word' id='word_1_187' title='bbox 939 2593 1167 2659; x_wconf 71' lang='grc' dir='ltr'><strong><em>διατάττεσθαι</em></strong></span> 
     </span>
    </p>
   </div>
   <div class='ocr_carea' id='block_1_3' title="bbox 76 2896 1166 4098">
    <p class='ocr_par' dir='ltr' id='par_1_3' title="bbox 76 2896 1166 3741">
     <span class='ocr_line' id='line_1_24' title="bbox 81 2896 1166 2966; baseline 0.003 -20"><span class='ocrx_word' id='word_1_188' title='bbox 81 2896 208 2962; x_wconf 77' lang='lat' dir='ltr'><strong>gestabat,</strong></span> <span class='ocrx_word' id='word_1_189' title='bbox 232 2896 304 2948; x_wconf 90' lang='lat' dir='ltr'><strong>ultro</strong></span> <span class='ocrx_word' id='word_1_190' title='bbox 326 2898 414 2966; x_wconf 85' lang='lat' dir='ltr'><strong>ipsum</strong></span> <span class='ocrx_word' id='word_1_191' title='bbox 437 2897 489 2950; x_wconf 87' lang='lat' dir='ltr'><strong>ista</strong></span> <span class='ocrx_word' id='word_1_192' title='bbox 507 2897 688 2960; x_wconf 82' lang='lat' dir='ltr'><strong>comminisci,</strong></span> <span class='ocrx_word' id='word_1_193' title='bbox 708 2896 932 2966; x_wconf 79' lang='lat' dir='ltr'><strong>quemadmodum</strong></span> <span class='ocrx_word' id='word_1_194' title='bbox 949 2898 1029 2949; x_wconf 86' lang='lat' dir='ltr'><strong>multi</strong></span> <span class='ocrx_word' id='word_1_195' title='bbox 1049 2899 1166 2966; x_wconf 84' lang='lat' dir='ltr'><strong>praesti·</strong></span> 
     </span>
     <span class='ocr_line' id='line_1_25' title="bbox 79 2966 1166 3038; baseline 0.003 -22"><span class='ocrx_word' id='word_1_196' title='bbox 79 2967 125 3030; x_wconf 83' lang='lat' dir='ltr'><strong>giis</strong></span> <span class='ocrx_word' id='word_1_197' title='bbox 143 2966 331 3033; x_wconf 78' lang='lat' dir='ltr'><strong>delectantur3</strong></span> <span class='ocrx_word' id='word_1_198' title='bbox 350 2984 442 3020; x_wconf 84' lang='lat' dir='ltr'><strong>verum</strong></span> <span class='ocrx_word' id='word_1_199' title='bbox 460 2984 544 3038; x_wconf 90' lang='lat' dir='ltr'><strong>quum</strong></span> <span class='ocrx_word' id='word_1_200' title='bbox 565 2967 644 3019; x_wconf 89' lang='lat' dir='ltr'><strong>etiam</strong></span> <span class='ocrx_word' id='word_1_201' title='bbox 663 2969 729 3019; x_wconf 88' lang='lat' dir='ltr'><strong>sacri</strong></span> <span class='ocrx_word' id='word_1_202' title='bbox 750 2968 887 3032; x_wconf 85' lang='lat' dir='ltr'><strong>homines,</strong></span> <span class='ocrx_word' id='word_1_203' title='bbox 908 2984 1011 3020; x_wconf 90' lang='lat' dir='ltr'><strong>morum</strong></span> <span class='ocrx_word' id='word_1_204' title='bbox 1030 2969 1166 3038; x_wconf 76' lang='lat' dir='ltr'><strong>probitate</strong></span> 
     </span>
     <span class='ocr_line' id='line_1_26' title="bbox 81 3037 1165 3108; baseline 0.004 -22"><span class='ocrx_word' id='word_1_205' title='bbox 81 3037 136 3088; x_wconf 91' lang='lat' dir='ltr'><strong>uoti</strong></span> <span class='ocrx_word' id='word_1_206' title='bbox 155 3040 249 3107; x_wconf 87' lang='lat' dir='ltr'><strong>etqui</strong></span> <span class='ocrx_word' id='word_1_207' title='bbox 269 3047 374 3107; x_wconf 88' lang='lat' dir='ltr'><strong>patrare</strong></span> <span class='ocrx_word' id='word_1_208' title='bbox 395 3037 470 3108; x_wconf 72' lang='lat' dir='ltr'><strong>‹luod</strong></span> <span class='ocrx_word' id='word_1_209' title='bbox 490 3039 566 3090; x_wconf 80' lang='lat' dir='ltr'><strong>nasas</strong></span> <span class='ocrx_word' id='word_1_210' title='bbox 587 3047 659 3089; x_wconf 88' lang='lat' dir='ltr'><strong>esset</strong></span> <span class='ocrx_word' id='word_1_211' title='bbox 686 3055 742 3088; x_wconf 90' lang='lat' dir='ltr'><strong>non</strong></span> <span class='ocrx_word' id='word_1_212' title='bbox 759 3049 878 3108; x_wconf 80' lang='lat' dir='ltr'><strong>possent,</strong></span> <span class='ocrx_word' id='word_1_213' title='bbox 898 3057 977 3108; x_wconf 88' lang='lat' dir='ltr'><strong>opem</strong></span> <span class='ocrx_word' id='word_1_214' title='bbox 997 3041 1097 3090; x_wconf 82' lang='lat' dir='ltr'><strong>ferrent</strong></span> <span class='ocrx_word' id='word_1_215' title='bbox 1115 3057 1165 3107; x_wconf 91' lang='lat' dir='ltr'><strong>pro</strong></span> 
     </span>
     <span class='ocr_line' id='line_1_27' title="bbox 78 3107 1166 3180; baseline 0.006 -24"><span class='ocrx_word' id='word_1_216' title='bbox 78 3107 194 3172; x_wconf 82' lang='lat' dir='ltr'><strong>viribus,</strong></span> <span class='ocrx_word' id='word_1_217' title='bbox 219 3119 248 3160; x_wconf 88' lang='lat' dir='ltr'><strong>et</strong></span> <span class='ocrx_word' id='word_1_218' title='bbox 275 3125 367 3160; x_wconf 88' lang='lat' dir='ltr'><strong>omnes</strong></span> <span class='ocrx_word' id='word_1_219' title='bbox 391 3109 551 3161; x_wconf 84' lang='lat' dir='ltr'><strong>infirmiores</strong></span> <span class='ocrx_word' id='word_1_220' title='bbox 578 3118 668 3160; x_wconf 87' lang='lat' dir='ltr'><strong>essent</strong></span> <span class='ocrx_word' id='word_1_221' title='bbox 685 3111 753 3159; x_wconf 89' lang='lat' dir='ltr'><strong>sacri</strong></span> <span class='ocrx_word' id='word_1_222' title='bbox 772 3113 839 3177; x_wconf 81' lang='lat' dir='ltr'><strong>sigui</strong></span> <span class='ocrx_word' id='word_1_223' title='bbox 859 3113 998 3180; x_wconf 86' lang='lat' dir='ltr'><strong>potentia,</strong></span> <span class='ocrx_word' id='word_1_224' title='bbox 1025 3127 1075 3160; x_wconf 89' lang='lat' dir='ltr'><strong>nec</strong></span> <span class='ocrx_word' id='word_1_225' title='bbox 1095 3109 1166 3162; x_wconf 82' lang='lat' dir='ltr'><strong>illud</strong></span> 
     </span>
     <span class='ocr_line' id='line_1_28' title="bbox 79 3179 1166 3248; baseline 0.003 -22"><span class='ocrx_word' id='word_1_226' title='bbox 79 3181 177 3228; x_wconf 74' lang='lat' dir='ltr'><strong>moveri</strong></span> <span class='ocrx_word' id='word_1_227' title='bbox 196 3188 297 3248; x_wconf 88' lang='lat' dir='ltr'><strong>posset,</strong></span> <span class='ocrx_word' id='word_1_228' title='bbox 316 3189 347 3236; x_wconf 85' lang='lat' dir='ltr'><strong>ut</strong></span> <span class='ocrx_word' id='word_1_229' title='bbox 364 3180 488 3242; x_wconf 79' lang='lat' dir='ltr'><strong>intraret,</strong></span> <span class='ocrx_word' id='word_1_230' title='bbox 508 3180 563 3242; x_wconf 86' lang='lat' dir='ltr'><strong>sed,</strong></span> <span class='ocrx_word' id='word_1_231' title='bbox 582 3181 661 3232; x_wconf 89' lang='lat' dir='ltr'><strong>utita</strong></span> <span class='ocrx_word' id='word_1_232' title='bbox 677 3179 771 3243; x_wconf 89' lang='lat' dir='ltr'><strong>dicam,</strong></span> <span class='ocrx_word' id='word_1_233' title='bbox 787 3182 920 3232; x_wconf 86' lang='lat' dir='ltr'><strong>obstinate</strong></span> <span class='ocrx_word' id='word_1_234' title='bbox 936 3183 1079 3241; x_wconf 82' lang='lat' dir='ltr'><strong>resisteret,</strong></span> <span class='ocrx_word' id='word_1_235' title='bbox 1099 3198 1166 3248; x_wconf 85' lang='lat' dir='ltr'><strong>pru-</strong></span> 
     </span>
     <span class='ocr_line' id='line_1_29' title="bbox 78 3247 1166 3321; baseline 0.002 -23"><span class='ocrx_word' id='word_1_236' title='bbox 78 3247 184 3300; x_wconf 85' lang='lat' dir='ltr'><strong>dentem</strong></span> <span class='ocrx_word' id='word_1_237' title='bbox 204 3254 343 3321; x_wconf 75' lang='lat' dir='ltr'><strong>quemqub</strong></span> <span class='ocrx_word' id='word_1_238' title='bbox 360 3253 442 3303; x_wconf 85' lang='lat' dir='ltr'><strong>timot</strong></span> <span class='ocrx_word' id='word_1_239' title='bbox 458 3253 576 3313; x_wconf 84' lang='lat' dir='ltr'><strong>incessit,</strong></span> <span class='ocrx_word' id='word_1_240' title='bbox 595 3248 664 3321; x_wconf 89' lang='lat' dir='ltr'><strong>quid</strong></span> <span class='ocrx_word' id='word_1_241' title='bbox 682 3253 785 3302; x_wconf 91' lang='lat' dir='ltr'><strong>civitati</strong></span> <span class='ocrx_word' id='word_1_242' title='bbox 799 3251 955 3320; x_wconf 85' lang='lat' dir='ltr'><strong>patiendum</strong></span> <span class='ocrx_word' id='word_1_243' title='bbox 976 3252 1054 3310; x_wconf 88' lang='lat' dir='ltr'><strong>soret,</strong></span> <span class='ocrx_word' id='word_1_244' title='bbox 1077 3259 1105 3300; x_wconf 90' lang='lat' dir='ltr'><strong>et</strong></span> <span class='ocrx_word' id='word_1_245' title='bbox 1125 3253 1166 3300; x_wconf 84' lang='lat' dir='ltr'><strong>ta-</strong></span> 
     </span>
     <span class='ocr_line' id='line_1_30' title="bbox 78 3320 1166 3392; baseline 0.002 -24"><span class='ocrx_word' id='word_1_246' title='bbox 78 3321 169 3370; x_wconf 86' lang='lat' dir='ltr'><strong>erimas</strong></span> <span class='ocrx_word' id='word_1_247' title='bbox 187 3321 345 3385; x_wconf 84' lang='lat' dir='ltr'><strong>fundentes,</strong></span> <span class='ocrx_word' id='word_1_248' title='bbox 364 3337 458 3374; x_wconf 86' lang='lat' dir='ltr'><strong>vocem</strong></span> <span class='ocrx_word' id='word_1_249' title='bbox 471 3323 668 3392; x_wconf 87' lang='lat' dir='ltr'><strong>clamoremque</strong></span> <span class='ocrx_word' id='word_1_250' title='bbox 678 3320 824 3373; x_wconf 83' lang='lat' dir='ltr'><strong>tolluntad</strong></span> <span class='ocrx_word' id='word_1_251' title='bbox 845 3337 975 3372; x_wconf 89' lang='lat' dir='ltr'><strong>summum</strong></span> <span class='ocrx_word' id='word_1_252' title='bbox 992 3322 1083 3370; x_wconf 85' lang='lat' dir='ltr'><strong>matris</strong></span> <span class='ocrx_word' id='word_1_253' title='bbox 1103 3338 1166 3370; x_wconf 88' lang='lat' dir='ltr'><strong>san-</strong></span> 
     </span>
     <span class='ocr_line' id='line_1_31' title="bbox 80 3391 1165 3460; baseline 0.004 -22"><span class='ocrx_word' id='word_1_254' title='bbox 80 3391 212 3443; x_wconf 86' lang='lat' dir='ltr'><strong>ctissimae</strong></span> <span class='ocrx_word' id='word_1_255' title='bbox 233 3393 339 3456; x_wconf 85' lang='lat' dir='ltr'><strong>filium;</strong></span> <span class='ocrx_word' id='word_1_256' title='bbox 366 3409 416 3444; x_wconf 88' lang='lat' dir='ltr'><strong>nec</strong></span> <span class='ocrx_word' id='word_1_257' title='bbox 434 3392 606 3457; x_wconf 79' lang='lat' dir='ltr'><strong>destiterunt,</strong></span> <span class='ocrx_word' id='word_1_258' title='bbox 626 3391 730 3455; x_wconf 89' lang='lat' dir='ltr'><strong>donec,</strong></span> <span class='ocrx_word' id='word_1_259' title='bbox 751 3393 826 3459; x_wconf 79' lang='lat' dir='ltr'><strong>signo</strong></span> <span class='ocrx_word' id='word_1_260' title='bbox 845 3394 970 3460; x_wconf 83' lang='lat' dir='ltr'><strong>cognito,</strong></span> <span class='ocrx_word' id='word_1_261' title='bbox 989 3393 1021 3453; x_wconf 90' lang='lat' dir='ltr'><strong>is,</strong></span> <span class='ocrx_word' id='word_1_262' title='bbox 1039 3392 1086 3460; x_wconf 91' lang='lat' dir='ltr'><strong>qui</strong></span> <span class='ocrx_word' id='word_1_263' title='bbox 1106 3407 1165 3442; x_wconf 91' lang='lat' dir='ltr'><strong>eam</strong></span> 
     </span>
     <span class='ocr_line' id='line_1_32' title="bbox 78 3461 1163 3532; baseline 0.002 -22"><span class='ocrx_word' id='word_1_264' title='bbox 78 3461 213 3526; x_wconf 80' lang='lat' dir='ltr'><strong>gestabat,</strong></span> <span class='ocrx_word' id='word_1_265' title='bbox 233 3463 307 3514; x_wconf 83' lang='lat' dir='ltr'><strong>solus</strong></span> <span class='ocrx_word' id='word_1_266' title='bbox 325 3464 384 3514; x_wconf 85' lang='lat' dir='ltr'><strong>sine</strong></span> <span class='ocrx_word' id='word_1_267' title='bbox 405 3464 530 3515; x_wconf 87' lang='lat' dir='ltr'><strong>molestia</strong></span> <span class='ocrx_word' id='word_1_268' title='bbox 549 3471 578 3515; x_wconf 83' lang='lat' dir='ltr'><strong>et</strong></span> <span class='ocrx_word' id='word_1_269' title='bbox 598 3463 790 3532; x_wconf 86' lang='lat' dir='ltr'><strong>impedimento</strong></span> <span class='ocrx_word' id='word_1_270' title='bbox 820 3479 917 3514; x_wconf 87' lang='lat' dir='ltr'><strong>sacram</strong></span> <span class='ocrx_word' id='word_1_271' title='bbox 937 3465 1078 3530; x_wconf 79' lang='lat' dir='ltr'><strong>imaginem</strong></span> <span class='ocrx_word' id='word_1_272' title='bbox 1103 3463 1163 3512; x_wconf 86' lang='lat' dir='ltr'><strong>loco</strong></span> 
     </span>
     <span class='ocr_line' id='line_1_33' title="bbox 78 3533 1164 3603; baseline 0.003 -23"><span class='ocrx_word' id='word_1_273' title='bbox 78 3549 123 3582; x_wconf 87' lang='lat' dir='ltr'><strong>sao</strong></span> <span class='ocrx_word' id='word_1_274' title='bbox 144 3534 297 3585; x_wconf 84' lang='lat' dir='ltr'><strong>collocavit.</strong></span> <span class='ocrx_word' id='word_1_275' title='bbox 333 3533 385 3585; x_wconf 86' lang='lat' dir='ltr'><strong>boc</strong></span> <span class='ocrx_word' id='word_1_276' title='bbox 411 3550 521 3603; x_wconf 87' lang='lat' dir='ltr'><strong>quoque</strong></span> <span class='ocrx_word' id='word_1_277' title='bbox 540 3533 695 3586; x_wconf 85' lang='lat' dir='ltr'><strong>hominihus</strong></span> <span class='ocrx_word' id='word_1_278' title='bbox 721 3535 809 3585; x_wconf 88' lang='lat' dir='ltr'><strong>sciolis</strong></span> <span class='ocrx_word' id='word_1_279' title='bbox 840 3535 899 3584; x_wconf 85' lang='lat' dir='ltr'><strong>leve</strong></span> <span class='ocrx_word' id='word_1_280' title='bbox 927 3536 1013 3584; x_wconf 86' lang='lat' dir='ltr'><strong>visum</strong></span> <span class='ocrx_word' id='word_1_281' title='bbox 1040 3541 1096 3596; x_wconf 80' lang='lat' dir='ltr'><strong>est3</strong></span> <span class='ocrx_word' id='word_1_282' title='bbox 1113 3549 1164 3583; x_wconf 86' lang='lat' dir='ltr'><strong>nos</strong></span> 
     </span>
     <span class='ocr_line' id='line_1_34' title="bbox 79 3603 1164 3674; baseline 0.004 -24"><span class='ocrx_word' id='word_1_283' title='bbox 79 3611 174 3665; x_wconf 88' lang='lat' dir='ltr'><strong>autem,</strong></span> <span class='ocrx_word' id='word_1_284' title='bbox 194 3603 320 3655; x_wconf 87' lang='lat' dir='ltr'><strong>homines</strong></span> <span class='ocrx_word' id='word_1_285' title='bbox 338 3605 442 3656; x_wconf 83' lang='lat' dir='ltr'><strong>scilicet</strong></span> <span class='ocrx_word' id='word_1_286' title='bbox 462 3605 578 3669; x_wconf 81' lang='lat' dir='ltr'><strong>infirmi,</strong></span> <span class='ocrx_word' id='word_1_287' title='bbox 595 3604 792 3674; x_wconf 82' lang='lat' dir='ltr'><strong>affligebamur,</strong></span> <span class='ocrx_word' id='word_1_288' title='bbox 812 3605 953 3674; x_wconf 88' lang='lat' dir='ltr'><strong>suspicati,</strong></span> <span class='ocrx_word' id='word_1_289' title='bbox 974 3621 1102 3674; x_wconf 84' lang='lat' dir='ltr'><strong>quorsum</strong></span> <span class='ocrx_word' id='word_1_290' title='bbox 1124 3620 1164 3654; x_wconf 85' lang='lat' dir='ltr'><strong>res</strong></span> 
     </span>
     <span class='ocr_line' id='line_1_35' title="bbox 76 3671 282 3741; baseline 0.024 -22"><span class='ocrx_word' id='word_1_291' title='bbox 76 3671 121 3722; x_wconf 87' lang='lat' dir='ltr'><strong>illa</strong></span> <span class='ocrx_word' id='word_1_292' title='bbox 139 3683 282 3741; x_wconf 84' lang='lat' dir='ltr'><strong>spectaret.</strong></span> 
     </span>
    </p>

    <p class='ocr_par' dir='ltr' id='par_1_4' title="bbox 76 3743 1165 4021">
     <span class='ocr_line' id='line_1_36' title="bbox 145 3743 1165 3814; baseline 0 -20"><span class='ocrx_word' id='word_1_293' title='bbox 145 3746 306 3798; x_wconf 87' lang='lat' dir='ltr'><strong>Docuerunt</strong></span> <span class='ocrx_word' id='word_1_294' title='bbox 326 3743 407 3803; x_wconf 76' lang='lat' dir='ltr'><strong>etiam</strong></span> <span class='ocrx_word' id='word_1_295' title='bbox 422 3763 495 3797; x_wconf 84' lang='lat' dir='ltr'><strong>sacra</strong></span> <span class='ocrx_word' id='word_1_296' title='bbox 512 3747 627 3808; x_wconf 87' lang='lat' dir='ltr'><strong>oracula,</strong></span> <span class='ocrx_word' id='word_1_297' title='bbox 647 3762 715 3814; x_wconf 83' lang='lat' dir='ltr'><strong>quae</strong></span> <span class='ocrx_word' id='word_1_298' title='bbox 735 3747 950 3806; x_wconf 86' lang='lat' dir='ltr'><strong>consulerentur,</strong></span> <span class='ocrx_word' id='word_1_299' title='bbox 968 3745 1058 3795; x_wconf 85' lang='lat' dir='ltr'><strong>sutura</strong></span> <span class='ocrx_word' id='word_1_300' title='bbox 1077 3761 1165 3794; x_wconf 77' lang='lat' dir='ltr'><strong>rectam</strong></span> 
     </span>
     <span class='ocr_line' id='line_1_37' title="bbox 77 3814 1165 3884; baseline -0.002 -22"><span class='ocrx_word' id='word_1_301' title='bbox 77 3822 179 3875; x_wconf 86' lang='lat' dir='ltr'><strong>eventa,</strong></span> <span class='ocrx_word' id='word_1_302' title='bbox 200 3815 444 3884; x_wconf 83' lang='lat' dir='ltr'><strong>expugnationem,</strong></span> <span class='ocrx_word' id='word_1_303' title='bbox 465 3816 584 3869; x_wconf 87' lang='lat' dir='ltr'><strong>eiusdem</strong></span> <span class='ocrx_word' id='word_1_304' title='bbox 603 3817 684 3879; x_wconf 90' lang='lat' dir='ltr'><strong>diem,</strong></span> <span class='ocrx_word' id='word_1_305' title='bbox 703 3833 842 3868; x_wconf 78' lang='lat' dir='ltr'><strong>aerumnas</strong></span> <span class='ocrx_word' id='word_1_306' title='bbox 860 3824 974 3866; x_wconf 84' lang='lat' dir='ltr'><strong>nostras.</strong></span> <span class='ocrx_word' id='word_1_307' title='bbox 1012 3832 1028 3863; x_wconf 94' lang='grc' dir='ltr'><strong><em>ο</em></strong></span> <span class='ocrx_word' id='word_1_308' title='bbox 1046 3814 1165 3882; x_wconf 86' lang='lat' dir='ltr'><strong>prophe.</strong></span> 
     </span>
     <span class='ocr_line' id='line_1_38' title="bbox 76 3885 1165 3956; baseline 0.003 -24"><span class='ocrx_word' id='word_1_309' title='bbox 76 3885 151 3934; x_wconf 87' lang='lat' dir='ltr'><strong>ticam</strong></span> <span class='ocrx_word' id='word_1_310' title='bbox 171 3886 251 3936; x_wconf 88' lang='lat' dir='ltr'><strong>illam</strong></span> <span class='ocrx_word' id='word_1_311' title='bbox 264 3889 497 3956; x_wconf 83' lang='lat' dir='ltr'><strong>perspicuitatem!</strong></span> <span class='ocrx_word' id='word_1_312' title='bbox 519 3906 535 3939; x_wconf 95' lang='grc' dir='ltr'><strong><em>ο</em></strong></span> <span class='ocrx_word' id='word_1_313' title='bbox 552 3889 627 3937; x_wconf 86' lang='lat' dir='ltr'><strong>iilam</strong></span> <span class='ocrx_word' id='word_1_314' title='bbox 638 3905 688 3938; x_wconf 89' lang='lat' dir='ltr'><strong>nec</strong></span> <span class='ocrx_word' id='word_1_315' title='bbox 700 3887 838 3938; x_wconf 88' lang='lat' dir='ltr'><strong>obscuram</strong></span> <span class='ocrx_word' id='word_1_316' title='bbox 850 3903 900 3938; x_wconf 87' lang='lat' dir='ltr'><strong>nec</strong></span> <span class='ocrx_word' id='word_1_317' title='bbox 918 3886 1056 3956; x_wconf 85' lang='lat' dir='ltr'><strong>obliquam</strong></span> <span class='ocrx_word' id='word_1_318' title='bbox 1077 3902 1165 3936; x_wconf 85' lang='lat' dir='ltr'><strong>rerum</strong></span> 
     </span>
     <span class='ocr_line' id='line_1_39' title="bbox 76 3955 721 4021; baseline 0.011 -18"><span class='ocrx_word' id='word_1_319' title='bbox 76 3955 308 4021; x_wconf 83' lang='lat' dir='ltr'><strong>praedictionem!</strong></span> <span class='ocrx_word' id='word_1_320' title='bbox 346 3966 373 4008; x_wconf 90' lang='lat' dir='ltr'><strong>at</strong></span> <span class='ocrx_word' id='word_1_321' title='bbox 390 3967 498 4010; x_wconf 88' lang='lat' dir='ltr'><strong>nosmet</strong></span> <span class='ocrx_word' id='word_1_322' title='bbox 515 3958 586 4009; x_wconf 90' lang='lat' dir='ltr'><strong>surdi</strong></span> <span class='ocrx_word' id='word_1_323' title='bbox 609 3974 721 4010; x_wconf 86' lang='lat' dir='ltr'><strong>eramus.</strong></span> 
     </span>
    </p>

    <p class='ocr_par' dir='ltr' id='par_1_5' title="bbox 121 4027 1166 4098">
     <span class='ocr_line' id='line_1_40' title="bbox 121 4027 1166 4098; baseline -0.003 -20"><span class='ocrx_word' id='word_1_324' title='bbox 121 4053 125 4062; x_wconf 53' lang='lat' dir='ltr'>v</span> <span class='ocrx_word' id='word_1_325' title='bbox 159 4027 226 4079; x_wconf 83' lang='lat' dir='ltr'><strong>Erat</strong></span> <span class='ocrx_word' id='word_1_326' title='bbox 252 4035 329 4091; x_wconf 89' lang='lat' dir='ltr'><strong>tum,</strong></span> <span class='ocrx_word' id='word_1_327' title='bbox 350 4028 400 4079; x_wconf 81' lang='lat' dir='ltr'><strong>sub</strong></span> <span class='ocrx_word' id='word_1_328' title='bbox 418 4030 500 4080; x_wconf 84' lang='lat' dir='ltr'><strong>finem</strong></span> <span class='ocrx_word' id='word_1_329' title='bbox 520 4031 734 4098; x_wconf 82' lang='lat' dir='ltr'><strong>expugnationis,</strong></span> <span class='ocrx_word' id='word_1_330' title='bbox 757 4036 877 4096; x_wconf 89' lang='lat' dir='ltr'><strong>tempus,</strong></span> <span class='ocrx_word' id='word_1_331' title='bbox 899 4043 953 4096; x_wconf 89' lang='lat' dir='ltr'><strong>quo</strong></span> <span class='ocrx_word' id='word_1_332' title='bbox 971 4027 1118 4076; x_wconf 86' lang='lat' dir='ltr'><strong>recitantur</strong></span> <span class='ocrx_word' id='word_1_333' title='bbox 1136 4027 1166 4076; x_wconf 90' lang='lat' dir='ltr'><strong>in</strong></span> 
     </span>
    </p>
   </div>
   <div class='ocr_carea' id='block_1_4' title="bbox 77 4080 1313 4168">
    <p class='ocr_par' dir='ltr' id='par_1_6' title="bbox 77 4080 1313 4168">
     <span class='ocr_line' id='line_1_41' title="bbox 77 4080 1313 4168; baseline 0.004 -27"><span class='ocrx_word' id='word_1_334' title='bbox 77 4089 194 4148; x_wconf 76' lang='lat' dir='ltr'><strong>eicleeiis</strong></span> <span class='ocrx_word' id='word_1_335' title='bbox 226 4101 316 4166; x_wconf 87' lang='lat' dir='ltr'><strong>capita</strong></span> <span class='ocrx_word' id='word_1_336' title='bbox 347 4101 517 4164; x_wconf 79' lang='lat' dir='ltr'><strong>evangelico,</strong></span> <span class='ocrx_word' id='word_1_337' title='bbox 547 4100 645 4168; x_wconf 86' lang='lat' dir='ltr'><strong>quibus</strong></span> <span class='ocrx_word' id='word_1_338' title='bbox 673 4101 742 4151; x_wconf 83' lang='lat' dir='ltr'><strong>mala</strong></span> <span class='ocrx_word' id='word_1_339' title='bbox 766 4099 829 4148; x_wconf 89' lang='lat' dir='ltr'><strong>Sion</strong></span> <span class='ocrx_word' id='word_1_340' title='bbox 861 4105 1040 4148; x_wconf 82' lang='lat' dir='ltr'><strong>recensentur.</strong></span> <span class='ocrx_word' id='word_1_341' title='bbox 1085 4114 1165 4163; x_wconf 81' lang='lat' dir='ltr'><strong>sanae</strong></span> <span class='ocrx_word' id='word_1_342' title='bbox 1257 4143 1264 4156; x_wconf 80' lang='grc'><strong>,</strong></span> <span class='ocrx_word' id='word_1_343' title='bbox 1310 4080 1313 4096; x_wconf 60' lang='grc'><strong>’</strong></span> 
     </span>
    </p>
   </div>
   <div class='ocr_carea' id='block_1_5' title="bbox 76 4168 1166 4311">
    <p class='ocr_par' dir='ltr' id='par_1_7' title="bbox 76 4168 1166 4311">
     <span class='ocr_line' id='line_1_42' title="bbox 76 4168 1166 4236; baseline 0 -21"><span class='ocrx_word' id='word_1_344' title='bbox 76 4168 170 4219; x_wconf 78' lang='lat' dir='ltr'><strong>mentis</strong></span> <span class='ocrx_word' id='word_1_345' title='bbox 191 4168 317 4220; x_wconf 86' lang='lat' dir='ltr'><strong>homines</strong></span> <span class='ocrx_word' id='word_1_346' title='bbox 339 4187 439 4221; x_wconf 81' lang='lat' dir='ltr'><strong>sacram</strong></span> <span class='ocrx_word' id='word_1_347' title='bbox 458 4187 516 4220; x_wconf 88' lang='lat' dir='ltr'><strong>eam</strong></span> <span class='ocrx_word' id='word_1_348' title='bbox 534 4172 721 4222; x_wconf 84' lang='lat' dir='ltr'><strong>recitationem</strong></span> <span class='ocrx_word' id='word_1_349' title='bbox 741 4168 774 4220; x_wconf 88' lang='lat' dir='ltr'><strong>ad</strong></span> <span class='ocrx_word' id='word_1_350' title='bbox 794 4169 887 4224; x_wconf 89' lang='lat' dir='ltr'><strong>urbem</strong></span> <span class='ocrx_word' id='word_1_351' title='bbox 906 4176 1026 4236; x_wconf 87' lang='lat' dir='ltr'><strong>spectare</strong></span> <span class='ocrx_word' id='word_1_352' title='bbox 1046 4168 1166 4236; x_wconf 86' lang='lat' dir='ltr'><strong>suspica-</strong></span> 
     </span>
     <span class='ocr_line' id='line_1_43' title="bbox 76 4231 1166 4311; baseline 0.003 -26"><span class='ocrx_word' id='word_1_353' title='bbox 76 4231 178 4288; x_wconf 88' lang='lat' dir='ltr'><strong>bantur.</strong></span> <span class='ocrx_word' id='word_1_354' title='bbox 216 4239 304 4292; x_wconf 87' lang='lat' dir='ltr'><strong>visum</strong></span> <span class='ocrx_word' id='word_1_355' title='bbox 322 4248 379 4292; x_wconf 89' lang='lat' dir='ltr'><strong>tum</strong></span> <span class='ocrx_word' id='word_1_356' title='bbox 401 4251 441 4292; x_wconf 84' lang='lat' dir='ltr'><strong>est</strong></span> <span class='ocrx_word' id='word_1_357' title='bbox 462 4240 523 4294; x_wconf 88' lang='lat' dir='ltr'><strong>duci</strong></span> <span class='ocrx_word' id='word_1_358' title='bbox 543 4250 646 4306; x_wconf 89' lang='lat' dir='ltr'><strong>nostro,</strong></span> <span class='ocrx_word' id='word_1_359' title='bbox 658 4249 753 4311; x_wconf 87' lang='lat' dir='ltr'><strong>utpote</strong></span> <span class='ocrx_word' id='word_1_360' title='bbox 770 4239 804 4292; x_wconf 86' lang='lat' dir='ltr'><strong>de</strong></span> <span class='ocrx_word' id='word_1_361' title='bbox 822 4257 850 4292; x_wconf 88' lang='lat' dir='ltr'><strong>re</strong></span> <span class='ocrx_word' id='word_1_362' title='bbox 871 4237 983 4290; x_wconf 87' lang='lat' dir='ltr'><strong>militari</strong></span> <span class='ocrx_word' id='word_1_363' title='bbox 1002 4237 1166 4306; x_wconf 88' lang='lat' dir='ltr'><strong>desperanti,</strong></span> 
     </span>
    </p>
   </div>
   <div class='ocr_carea' id='block_1_6' title="bbox 128 4345 982 4405">
    <p class='ocr_par' dir='ltr' id='par_1_8' title="bbox 128 4345 982 4405">
     <span class='ocr_line' id='line_1_44' title="bbox 128 4345 982 4405; baseline 0.005 -5"><span class='ocrx_word' id='word_1_364' title='bbox 128 4345 181 4400; x_wconf 82' lang='lat' dir='ltr'><strong>Leo</strong></span> <span class='ocrx_word' id='word_1_365' title='bbox 203 4350 415 4405; x_wconf 81' lang='lat' dir='ltr'><strong>Grammaticus.</strong></span> <span class='ocrx_word' id='word_1_366' title='bbox 946 4345 982 4400; x_wconf 82' lang='lat'><strong>32</strong></span> 
     </span>
    </p>
   </div>
   <div class='ocr_carea' id='block_1_7' title="bbox 0 0 1450 4904">
    <p class='ocr_par' dir='ltr' id='par_1_9' title="bbox 0 0 1450 4904">
     <span class='ocr_line' id='line_1_45' title="bbox 0 0 1450 4904; baseline 0 1"><span class='ocrx_word' id='word_1_367' title='bbox 0 0 1450 4904; x_wconf 95' lang='lat' dir='ltr'><strong> </strong></span> 
     </span>
    </p>
   </div>
  </div>
 </body>
</html>
