2814 4898
246 381 320 456 856
574 376 777 447 SCRlP'lOR
805 375 1007 444 trecentus

245 534 373 624 δηλοῖό
402 529 603 618 πατριάρχης
629 529 684 595 τόν
705 533 839 614 βασιλέα
861 530 972 613 λόγους
991 531 1169 606 νουθεσίας,
1193 524 1266 610 ἅμα
1283 530 1334 596 καί

203 637 438 723 λόπαρακαλαῖν
458 631 555 696 αότόν
576 631 621 716 μὴ
642 634 796 713 σκολῆναι
816 627 875 714 την
895 630 1074 715 ἐκκλησίαν,
1096 625 1135 712 ἣν
1154 632 1260 718 πολλῷ
1279 631 1331 693 κό·
1394 639 1397 646 ’

244 759 292 824 usp
314 733 343 800 οἱ
362 735 495 814 πατέρες
516 728 761 818 ἐπῳκοδόμησαν
781 731 816 794 ἐν
835 729 874 818 τῇ
894 726 1178 820 όρθοιλόξιρπίστει,
1194 729 1333 796 duodici-

242 841 348 914 ξαντες
371 838 475 896 πᾶσαν
494 829 632 914 αἳρεσιν,
667 834 764 910 λόγων
799 823 849 893 ότι
872 831 904 895 εἰ
929 832 972 895 δι’
998 831 1057 910 ἐμὲ
1077 835 1215 912 γίνονται
1231 831 1333 896 ταῦτα

236 933 281 1002 ’τά
305 934 468 998 σκάνδαλα
497 931 575 996 κατά
607 933 661 1012 τῆς
681 931 781 1014 ὀρθῆς
799 930 951 1011 πίστεως,
978 931 1035 1010 ἐμὲ
1057 929 1256 1015 ἐξεώσασθε,
1280 929 1353 998 nats

240 1032 275 1100 εἴ
292 1057 362 1099 τινα
382 1033 557 1116 βούλεσθε,
582 1026 753 1113 ποιήσατε·
802 1028 899 1109 μόνον
919 1029 976 1112 τη“ν
995 1032 1099 1095 πίστιν
1115 1024 1162 1112 μὴ
1182 1051 1332 1112 παρασα-

240 1130 384 1218 λεάσητε.
439 1133 494 1194 καί
524 1127 708 1210 ἀποκριθεὶς
736 1128 885 1205 όποόλιος
916 1129 971 1193 καί
990 1131 1127 1213 όολεροῖς
1156 1125 1173 1192 ό
1199 1129 1333 1202 όιιιαίοος

240 1230 420 1316 ἐπικληθείς
438 1231 622 1312 χαμαιλέων
642 1221 736 1293 εἶπεν.
779 1232 857 1294 “και“
882 1231 947 1306 τίς”
972 1229 1069 1316 φησίν
1091 1233 1212 1318 “τολμιγί’
1231 1234 1335 1294 καθε.

209 1336 307 1404 ολεῖν
332 1324 353 1416 ἢ
374 1329 506 1408 ε’ξεῶσαι
523 1327 577 1393 τόν
597 1330 797 1414 πατριάρχην
816 1327 871 1395 τόν
890 1334 1013 1413 πατόρα
1033 1326 1132 1414 η’μοόν,
1154 1322 1176 1414 ἢ
1196 1326 1257 1412 τόν
1280 1331 1334 1394 ἕκ-

238 1435 371 1513 κλησίαν
388 1428 662 1510 ’παρασαλεόσαις
697 1428 812 1509 μικρόν
840 1429 1058 1514 η’ρεντήσαμεν
1086 1426 1140 1494 όιά
1172 1426 1252 1504 τοάς
1273 1435 1331 1495 λα.
1340 1447 1370 1501 tt

239 1529 395 1611 λαόντας,
415 1528 485 1594 ἐπεί
517 1522 561 1603 σός
581 1524 724 1593 πιστεύει
745 1527 766 1611 ἦ
786 1529 944 1614 ἐκκλησία,
963 1525 1048 1612 κάγοό
1070 1525 1235 1594 nesseden?
1278 1529 1335 1594 καί

198 1625 382 1708 ισόκβαλοόν
410 1629 445 1692 ἐκ
475 1628 534 1691 τοῦ
554 1622 671 1691 κόλπου
699 1625 799 1692 αότοό
821 1625 957 1710 σταυρόν
985 1625 1068 1709 ἔχων
1088 1625 1194 1692 εἰκόνα
1216 1649 1333 1708 προσε-

237 1724 370 1810 κύνησεν
395 1724 529 1790 ἐντόπιον
549 1725 680 1792 πάντων.
735 1726 880 1812 ἐποίησεν
900 1729 937 1794 δὲ
959 1730 1053 1794 τοῦτο
1077 1728 1132 1792 οόκ
1162 1723 1333 1812 ἀληθεύων

237 1825 310 1890 ἀλλ’
331 1827 365 1890 όν
386 1825 566 1909 ὑποκρίσει,
586 1825 777 1907 βουλόμενος
806 1823 960 1909 διαβάσιιι
980 1825 1038 1910 τόν
1058 1821 1180 1910 ἑορτήν.
1222 1824 1332 1902 οόόείς

236 1922 297 2010 γάρ
326 1927 466 2008 η’δάνατο
491 1928 730 2007 καταλαβέσθαι
763 1923 822 2009 τήν
854 1929 1050 2010 πανουργίαν
1079 1927 1196 1992 adteri·
1245 1922 1328 1993 ἄλλα
1339 1949 1370 2000 15

237 2024 299 2109 γάρ
318 2023 353 2090 τό
376 2025 478 2104 στόμα
500 2028 601 2090 adsoni
623 2021 738 2110 ἐλάλει,
755 2025 811 2090 καί
829 2022 922 2108 ἕτερα
942 2021 1093 2118 ἧκαρόία
1113 2027 1212 2091 αὐτοῦ
1230 2029 1330 2109 ἐβού-

238 2129 319 2193 λετο.
361 2127 461 2189 ταῦτα
481 2123 587 2188 τοίνυν
608 2123 800 2198 άκοόσαντες
830 2119 848 2187 ό
868 2147 902 2188 τε
922 2123 1121 2210 πατριάρχης
1140 2129 1195 2190 καί
1214 2124 1244 2192 οἱ
1260 2131 1331 2190 ἐπί-

235 2245 347 2288 σκοποι
366 2220 538 2308 ἐχάρησαν,
560 2225 735 2304 νομίζοντες
749 2223 917 2308 άληθεόειν
939 2224 1047 2289 αότόν.
1089 2229 1144 2289 καί
1163 2221 1331 2308 προελθάν

201 2326 272 2410 1)τῇ
293 2325 436 2407 Χριστοῦ
457 2324 600 2405 γεννήσει
628 2327 663 2387 ἐν
694 2324 732 2408 τῇ
755 2325 900 2410 ἐκκλησία
921 2325 1067 2408 εἰσῆλθεν
1087 2326 1122 2389 ἐν
1142 2327 1188 2410 τῷ
1205 2327 1330 2390 θυσια-

234 2426 352 2511 στηρίῳ
373 2423 453 2486 κατά
469 2422 501 2486 τό
515 2420 589 2496 ἔθος
607 2425 671 2486 τοῖν
690 2424 860 2504 βασιλέων,
881 2423 937 2487 καί
952 2422 1180 2508 προσεκύνησεν
1199 2421 1259 2506 τήν
1279 2425 1368 2492 e’v-to

1384 483 1390 497 ι

1387 513 1394 540 l

234 2523 333 2605 όντὴν
353 2518 557 2604 τὴνέχουσαν
577 2518 634 2604 τὴν
656 2520 750 2605 ἁγίαν
770 2525 982 2607 γέννησιντοῦ
994 2527 1106 2606 κυρίου
1119 2519 1210 2607 ἡμῶν
1225 2523 1329 2607 Ἰησοῦ

233 2623 391 2705 Χριστοῦ.
432 2618 488 2686 καί
513 2619 622 2686 λοιπόν
643 2621 765 2698 ι’όόντες
791 2621 906 2696 πάντες
933 2618 1264 2708 ἕπληροφορὴθηοαν,
1280 2619 1327 2706 μη

234 2897 406 2966 separandos.
450 2895 518 2950 haec
545 2905 609 2952 ante
632 2899 701 2952 festa
720 2907 827 2970 peracta
852 2909 923 2953 sunt.
960 2899 1164 2953 imminentibus
1181 2915 1263 2970 porro
1282 2899 1325 2950 le-

234 2967 302 3031 stis,
322 2969 402 3022 variis
425 2971 536 3022 monitis
567 2987 598 3021 ac
625 2972 793 3024 sermonibus
818 2972 974 3040 imperatori
1002 2971 1137 3040 siguificat
1153 2978 1180 3021 et
1199 2971 1324 3040 precibus

235 3039 318 3090 simul
342 3040 470 3091 sollicitat
487 3041 658 3110 patriarcha,
689 3059 724 3094 ne
754 3042 1010 3112 depraedationibus
1036 3048 1185 3110 exponatur
1201 3040 1324 3100 ecclesia,

234 3125 316 3178 quam
334 3109 427 3162 labore
443 3112 528 3162 multo
547 3122 635 3182 patres
656 3108 762 3182 antiqui
788 3113 996 3164 aedificaverant
1018 3113 1047 3163 iu
1066 3119 1139 3164 recta
1157 3109 1219 3174 lide,
1240 3119 1270 3162 et
1287 3110 1324 3160 ab

238 3178 311 3232 onrnl
329 3179 435 3232 haeresi
456 3192 627 3250 expurgatam
642 3184 822 3253 reliquerunt;
843 3183 1004 3254 dicebatque
1022 3185 1064 3234 “si
1082 3189 1194 3252 propter
1211 3198 1254 3234 me
1273 3180 1325 3231 ad-

232 3261 327 3302 versus
348 3254 478 3302 sinceram
490 3253 568 3304 iidem
588 3257 709 3306 oriuntur
724 3253 859 3317 scandalo,
877 3255 967 3306 eiicite
986 3270 1037 3315 me,
1056 3253 1124 3304 etsi
1143 3267 1221 3321 quem
1237 3252 1324 3303 elium

235 3321 402 3386 desiderum,
422 3325 601 3399 patriercham
618 3325 765 3376 instituite:
784 3328 889 3376 lantum
907 3325 986 3376 fidem
1004 3331 1101 3376 sertum
1115 3331 1211 3374 tectam
1228 3330 1323 3374 custo-

235 3392 321 3443 dite.''
358 3394 417 3444 istis
434 3401 540 3445 versute
559 3404 587 3447 et
616 3395 718 3457 dolose,
739 3397 786 3464 qul
805 3395 1022 3447 chamelaeontis
1041 3409 1143 3446 nomen
1160 3394 1255 3444 merito
1276 3408 1324 3460 ge-

234 3461 320 3524 rebat,
336 3463 484 3534 respondit,
508 3473 537 3515 et
550 3463 619 3517 dixit
636 3467 746 3536 “ecquis
767 3464 849 3518 audet
866 3465 1003 3537 deponere
1022 3463 1201 3535 patriarcham
1217 3470 1322 3534 patrem

234 3541 366 3595 nostrum,
385 3542 431 3585 aut
450 3535 556 3598 eiicere,
574 3536 619 3587 vel
635 3536 764 3587 ecclesiae
783 3545 882 3588 ctutum
906 3535 1068 3588 immutare?
1104 3534 1236 3586 modicum
1256 3531 1323 3602 quid

234 3619 300 3654 sane
319 3604 556 3672 investigavimus,
578 3615 689 3676 propter
714 3623 760 3657 eos
787 3608 835 3678 qui
864 3607 1006 3676 superfluis
1035 3605 1201 3658 sermonibus
1227 3603 1325 3656 indul-

234 3682 299 3742 gent
344 3683 476 3736 ceterum,
495 3683 524 3727 ut
536 3676 621 3728 credit
636 3677 758 3741 ecclesia,
777 3679 815 3728 ita
835 3677 916 3730 credo
937 3679 1013 3746 ego.''
1032 3676 1210 3746 eductumque
1226 3691 1242 3724 e
1260 3667 1323 3725 sinu

234 3744 378 3812 imaginem
397 3745 541 3797 habentem
562 3764 666 3798 crucem
684 3764 771 3798 corum
790 3748 915 3799 omnibus
934 3749 1064 3800 adoravit.
1088 3746 1163 3798 istud
1182 3761 1244 3796 vero
1263 3761 1324 3812 ges-

236 3817 272 3866 sit
290 3833 347 3866 non
367 3824 396 3866 ut
412 3817 549 3869 veritatem
575 3825 734 3880 testaretur,
752 3818 800 3869 sed
827 3826 858 3869 ut
886 3819 950 3870 festi
978 3818 1163 3870 celebritatem
1181 3821 1325 3884 perageret

236 3886 353 3936 facilius.
389 3887 481 3939 nullus
502 3889 573 3938 enim
592 3887 733 3940 subdolam
752 3888 871 3940 hominis
889 3896 1006 3940 mentem
1025 3905 1121 3958 capere
1140 3893 1256 3958 poterat:
1274 3900 1324 3935 ve·

238 3971 297 4006 rum
316 3971 362 4007 ore
380 3974 462 4008 unum
486 3958 593 4028 aliquid
612 3958 768 4027 publicante
789 3957 865 4010 uliud
890 3975 935 4012 cor
957 3959 1145 4012 meditabatur.
1180 3956 1222 4008 his
1237 3955 1325 4024 igitur

239 4025 338 4079 auditis
357 4028 508 4095 patriarcba
525 4037 552 4080 et
573 4029 691 4098 episcopi
717 4030 797 4096 gavisi
817 4037 896 4092 sont,
913 4047 1006 4082 verum
1031 4028 1168 4081 enuntiari
1185 4033 1324 4096 putentes.

239 4096 353 4146 solemni
379 4096 480 4150 deinde
500 4115 598 4169 pompa
624 4102 652 4151 in
672 4099 769 4162 Christi
795 4101 928 4152 nataliciis
951 4099 1102 4170 procedens
1121 4098 1260 4150 ecclesiam
1281 4087 1328 4146 ln-

237 4183 342 4234 gressus
362 4176 415 4229 est,
439 4178 467 4218 et
484 4183 572 4219 coram
597 4170 675 4221 altari
700 4187 733 4220 ex
757 4171 948 4238 imperatorum
974 4169 1170 4222 consuetudine
1191 4168 1279 4228 stetit,
1299 4173 1328 4215 et

237 4238 377 4308 corporale
404 4255 476 4290 sacra
502 4237 606 4294 (lumini
630 4243 716 4294 nostri
745 4241 806 4294 lesu
829 4239 928 4294 Christi
948 4243 1090 4297 nativitate
1117 4241 1147 4293 in
1164 4255 1197 4308 eo
1216 4237 1328 4310 depicta
