2892 4904
252 288 327 368 472
656 304 924 370 :uusrl‘rmus

251 475 368 534 τακτοι,
390 445 452 517 dou
474 455 533 518 καί
550 450 712 538 ου’ράναις,
732 452 818 520 εἴποι
838 451 879 518 δν
898 453 919 535 ἦ
940 455 1121 542 τραγῳδία,
1139 463 1208 530 τοῖς
1233 456 1286 520 δὲ.
1303 456 1366 518 τάν

252 543 357 635 osipus
378 550 514 633 δοχείοις
538 545 589 620 οἶα
610 555 667 618 καί
684 548 844 637 ποτηρίοις
866 554 1053 636 ε’κδχρηντος
1078 556 1112 618 oi'
1132 577 1169 638 γε
1191 553 1253 617 καί
1279 552 1364 618 κατά

252 650 400 736 φρεάτων
422 654 569 737 α’φιόντις
583 656 751 736 προρρέειν
764 650 819 716 τόν
832 654 888 718 τοῦ
901 659 968 717 κατ’
983 652 1101 730 αότοός
1123 655 1228 718 α’σκοῦ
1253 651 1367 734 πραό-

248 773 348 832 χοντα
368 749 464 831 πόδα,
485 745 552 816 εἶτα
575 741 787 834 ὑδρευόμενοι
811 748 918 816 ἔπινον
936 753 995 815 τοῦ
1012 757 1159 833 μιασμοῦ
1181 755 1240 818 καί
1265 755 1366 818 τοῦτο

249 846 345 913 πόλιν
365 853 422 916 καί
437 852 541 935 πάλιν,
560 849 616 916 καί
634 851 736 916 εἰσαεὶ
755 850 867 915 κόκλον
884 855 993 916 τοῦτον
1016 847 1188 928 ἓλίττοντες
1209 854 1352 936 desuye.
1374 865 1392 914 5

333 948 430 1016 Ἀλλά
456 952 551 1016 τοῦτο
576 955 635 1033 μὲν
660 948 709 1034 εἴη
739 944 779 1015 όν
801 953 856 1015 καί
874 956 995 1033 γελοῖον
1022 954 1230 1036 ποραρριφὲν
1254 949 1367 1038 εἱρμῷ

248 1051 313 1112 τινί
333 1057 389 1112 καί
410 1049 510 1114 αιῖτό·
553 1045 575 1115 ii
598 1052 634 1116 δὲ
653 1048 762 1114 α’νόπικ
781 1049 1052 1136 σογγεγράφαται,
1072 1053 1141 1114 ἀλλ’
1162 1054 1278 1116 ἐκεῖνα
1298 1076 1367 1131 μν-

249 1147 306 1232 ρία
327 1151 561 1231 προκαλοῦνται
590 1151 724 1233 δάκρυα.
776 1148 884 1214 ὁποῖον
912 1149 968 1214 καί
985 1147 1018 1214 τό
1049 1153 1107 1213 τοῦ
1126 1146 1364 1231 μυροβλότου,

248 1238 287 1334 οἷν
309 1251 354 1336 τῷ
372 1248 461 1336 τάφῳ
480 1246 706 1331 ἑμπιπαικότες
724 1247 802 1330 μετὰ
816 1239 970 1314 πελέκεων
990 1246 1020 1312 oi
1040 1244 1192 1317 τοιούτων
1205 1250 1258 1322 εἰς
1284 1271 1365 1312 ποι-

249 1345 307 1432 νὴν
329 1341 412 1426 άξιοι
434 1348 489 1414 τόν
507 1371 540 1413 τε
561 1353 653 1430 πέριξ
676 1346 904 1427 ἐπιπολάζοντα
926 1347 1043 1429 κόσμον
1063 1349 1097 1425 ἐξ
1118 1345 1270 1432 άργάρου
1303 1375 1361 1412 κα·
1374 1367 1400 1417 u

248 1447 403 1532 τόκοψαν,
425 1450 480 1511 καί
498 1445 553 1514 τόν
572 1448 652 1533 ὑπὲρ
678 1451 816 1534 κεφαλῆς
845 1449 880 1510 δὲ
901 1451 1093 1532 περιειλοντσ
1112 1449 1260 1532 χρύσεον
1287 1451 1363 1514 στὲ.

249 1568 367 1633 φονον,
402 1548 458 1611 καί
476 1545 541 1630 μην
562 1545 618 1611 κατ’
644 1546 700 1612 τόν
722 1549 826 1628 ἓτερον
856 1545 1018 1630 ἀπήγαγον
1042 1557 1108 1611 τοῖν
1139 1550 1284 1628 ποδοῖν,
1307 1549 1363 1612 ἵνα

248 1645 334 1728 τάχα
354 1643 390 1709 τό
429 1649 567 1722 ποδῶκες
594 1649 649 1729 τῆς
669 1648 702 1726 ε”ξ
722 1647 841 1710 ἐκείνου
867 1649 954 1732 δίκης
973 1649 1157 1712 ε’κκλίναιεκ
1201 1640 1269 1709 κάν
1293 1651 1363 1724 ε’ξέ.

248 1749 373 1826 πραξαν
393 1740 426 1818 ἒς
446 1740 480 1808 τό
502 1743 574 1825 κάν,
594 1747 625 1810 εἶ
644 1743 689 1828 μὴ
712 1741 748 1810 τό
765 1749 851 1808 θεῖον
872 1744 987 1829 όντὲβη
1007 1744 1062 1810 καί
1078 1742 1161 1827 ταχό
1185 1743 1363 1829 όδηγῆσαν

249 1841 322 1917 τούς
344 1847 524 1928 κρείττονας
545 1839 625 1926 όνγε
646 1851 711 1920 τοῖς
729 1840 903 1928 βαρβάροις
922 1848 968 1918 εἰς
986 1845 1135 1927 κωλόμην
1149 1848 1361 1910 κατεπέτασε
1372 1861 1399 1912 15

248 1944 308 2008 τοῦ
331 1943 441 2006 κακοῦ,
490 1943 644 2026 εόνοόχος
673 1941 735 2026 γάρ
766 1947 823 2008 τοῦ
850 1941 963 2027 ῥηγός,
995 1944 1114 2026 άμιράς
1148 1941 1210 2025 τήν
1245 1944 1364 2026 α’ξιλιν,

248 2037 395 2128 πράττειν
415 2035 490 2120 όξός
510 2043 566 2106 κατ’
585 2039 722 2127 θερμός,
744 2035 809 2118 οἷος
822 2039 923 2128 φόβον
940 2040 1048 2122 βαθόν
1069 2045 1297 2122 καταπέμπειν
1312 2037 1364 2117 οἷς

247 2135 289 2208 όν
318 2134 427 2226 όγριος
464 2146 709 2226 προσενεχθειή,
747 2141 884 2227 ἔφιππος
921 2139 1109 2223 εἰσελάσας,
1141 2140 1187 2214 τός
1218 2143 1286 2206 οὐκ
1321 2135 1364 2206 ἄν

249 2264 299 2315 τις
335 2242 475 2320 ε’λπίσοι,
504 2243 564 2316 ἓως
598 2243 644 2316 εἰς
674 2240 762 2324 βαδό
797 2241 856 2308 τοῦ
889 2241 981 2305 θείου
1013 2243 1110 2323 vauri,
1147 2239 1191 2316 uic
1224 2244 1294 2321 μὲν
1329 2241 1364 2306 oi

249 2341 360 2408 πολλοί
378 2336 537 2424 ἐνόμισαν,
559 2340 613 2405 διά
634 2339 862 2426 περιφρόνησιν
885 2340 937 2404 καί
964 2337 1061 2412 ον’τός
1083 2347 1149 2404 κατ’
1167 2337 1302 2410 ,ἐκεῖνον
1326 2338 1401 2416 όςγι]

251 2442 286 2506 ἕν
304 2443 346 2527 τῇ
363 2443 417 2523 τῆς
450 2438 674 2523 μητροπόλεως
696 2443 851 2526 καθολικῇ
880 2434 1100 2512 καθιππεύσας
1122 2435 1176 2504 τόν
1199 2463 1232 2502 τε
1257 2441 1363 2504 ἵππον

250 2538 391 2621 α’πέβαλε
410 2543 672 2621 συγκατενεχθείς
691 2543 896 2622 θραυσθέντα
918 2542 972 2604 καί
992 2536 1088 2613 αὐτὸς
1109 2538 1171 2602 ον’κ,
1184 2533 1224 2602 εὖ
1247 2534 1362 2623 ἀπηλ-

324 2713 349 2765 1·
369 2711 537 2786 ἔνεοόρουνῗ
1018 2733 1025 2765 s

253 2871 353 2928 siarum
382 2871 477 2928 vitrea*
494 2875 617 2928 effrenati
643 2876 686 2928 isti
706 2884 833 2947 tanquam
858 2877 971 2930 matulae
992 2875 1139 2940 habebant,
1159 2885 1191 2929 ut
1209 2878 1360 2947 tragoedia

253 2945 362 3009 dixerit,
382 2946 476 2998 urinae
490 2948 664 3016 receptaculis
682 2956 772 3000 autem
791 2939 848 3018 pro‘
858 2948 966 3019 rcypbis
985 2948 1145 3000 utebantur!
1183 2949 1253 3018 quid
1279 2950 1360 3020 quod

252 3017 336 3069 iidem
357 3017 425 3068 utris
441 3019 482 3069 sui
495 3018 650 3086 prominens
670 3020 767 3070 ostium
786 3021 815 3070 iu
833 3027 931 3087 puteos
948 3019 1099 3082 solvebant,
1119 3019 1222 3071 deinde
1239 3019 1360 3072 haurie-

252 3085 321 3140 bant
331 3087 518 3158 bibebantque
530 3087 564 3140 de
578 3088 701 3152 mixtura,
719 3089 803 3160 itique
819 3089 979 3162 identidem,
997 3098 1025 3142 et
1037 3099 1172 3162 perpetuo
1191 3091 1223 3142 in
1235 3091 1358 3144 obscoe-

253 3177 318 3214 num
338 3159 420 3210 istum
440 3175 532 3226 gyrum
552 3160 615 3210 acti.

338 3229 393 3282 Sed
416 3227 469 3282 boc
490 3230 599 3302 quidem
618 3231 740 3300 quamvis
766 3229 909 3283 ridiculum
935 3231 974 3283 ita
997 3231 1189 3300 interpositum
1216 3237 1299 3292 esto,
1321 3248 1357 3282 ne

254 3302 344 3372 ipsum
372 3300 482 3372 quidem
508 3309 615 3371 praeter
642 3319 730 3353 rerum
759 3301 891 3354 ordinem.
935 3317 1005 3372 quae
1031 3309 1123 3352 autem
1141 3317 1223 3370 supra
1241 3310 1355 3354 narrata

255 3379 327 3434 sunt,
346 3385 378 3423 ea
398 3387 461 3425 vero
480 3373 602 3424 lacrimas
620 3373 740 3424 infinitas
761 3374 888 3425 excitant.
932 3372 1014 3443 quale
1038 3381 1095 3423 erat
1114 3374 1206 3435 etiam,
1227 3371 1307 3440 quod
1328 3374 1357 3422 in

255 3452 387 3506 sanctum,
407 3443 455 3514 qui
475 3453 613 3511 unguenta
627 3443 750 3508 exsudat,
766 3452 918 3514 patrarunt,
939 3445 1014 3494 cuius
1027 3443 1179 3512 sepulcrum
1199 3443 1356 3494 insolenter

255 3514 401 3576 violarunt,
419 3513 567 3578 securibus,
586 3532 652 3584 quas
670 3515 724 3584 ipsi
740 3515 909 3578 meruissent,
934 3523 1088 3582 argenteam
1107 3511 1278 3583 crepidinem
1299 3512 1355 3564 dis-

256 3583 379 3636 secantes
407 3591 435 3638 et
460 3601 585 3636 coronam
618 3602 726 3636 auream
761 3587 843 3654 capiti
881 3587 1033 3655 impositam
1065 3583 1255 3636 detrabentes:
1287 3585 1355 3653 quin

257 3656 338 3708 etiam
354 3655 452 3726 pedem
472 3655 586 3708 alterum
599 3655 779 3719 abstulerunt,
799 3674 854 3727 quo
872 3657 976 3708 scilicet
993 3671 1099 3725 poenae
1117 3673 1151 3707 ex
1169 3673 1201 3706 eo
1221 3670 1355 3706 consecu-

256 3734 333 3779 turae
351 3727 519 3778 celeritatem
538 3726 715 3780 declinarent.
753 3737 835 3796 atque
852 3729 891 3779 ita
917 3729 1009 3780 forsan
1028 3727 1152 3778 universa
1176 3725 1353 3786 delevissent,

257 3797 310 3848 nisi
328 3815 428 3850 numen
451 3795 572 3850 divinum
583 3797 741 3862 obstitisset,
761 3807 788 3850 et
802 3806 913 3868 repente
931 3799 1062 3868 primores
1082 3795 1258 3850 barbarorum
1277 3812 1353 3847 com-

256 3869 386 3921 movisset
418 3875 446 3920 et
464 3869 607 3920 excitasset
632 3868 667 3919 ad
694 3867 841 3922 sistendam
867 3869 1022 3939 perniciem.
1066 3883 1184 3938 namque
1213 3865 1352 3917 eunuchus

258 3939 343 4005 regis,
362 3940 456 3990 amiras
479 3939 631 4008 dignitate,
657 3956 718 3991 acer
744 3949 772 4005 et
789 3949 930 4010 promptus
947 3938 982 3991 ad
1003 3937 1158 4010 agendum,
1179 3945 1208 3992 et
1229 3937 1276 4008 qui
1298 3945 1351 3989 ter-

258 4024 345 4059 rorem
364 4011 509 4072 incuteret,
537 4011 572 4061 ad
591 4027 779 4082 quemcunque
810 4012 895 4062 iratus
920 4013 1083 4074 accessisset,
1113 4026 1195 4080 equo,
1214 4006 1290 4078 quod
1308 4007 1352 4058 vir

258 4077 365 4142 credas,
392 4082 420 4132 in
447 4080 572 4132 intimum
599 4083 731 4150 templum
759 4085 891 4150 ingressus
919 4091 976 4146 est,
1003 4083 1061 4152 ipse
1091 4094 1203 4150 quoque
1229 4086 1350 4128 contern-

258 4157 306 4221 ptu
317 4188 325 4214 ,
343 4159 373 4202 ut
397 4151 521 4222 plerique
552 4151 773 4218 arbitrabantur,
796 4167 928 4206 sacrarum
947 4169 1036 4208 rerum
1054 4149 1191 4224 abreptus,
1210 4147 1284 4200 illius
1305 4163 1349 4198 ss·
