2814 4898
352 349 408 416 DE
434 347 567 416 LEONE
594 346 763 416 bunost
780 351 816 420 F.
1052 349 1126 422 353

50 505 120 588 περί
141 503 177 568 δέ
195 497 252 568 τιό
284 503 553 586 προσκυνεῖσθαι,
585 497 631 576 τός
656 503 895 586 προσκυνοδμεν
914 501 970 570 τόν
990 506 1129 590 σταυρόν

51 600 142 668 seiri
163 600 363 685 εόιιγγέλιαν,
388 601 625 687 προσκυνοῦμεν
653 605 709 668 καί
725 601 786 678 τός
804 599 944 688 εἰκόνας,
963 603 1034 670 ἐπεὶ
1054 605 1129 668 esicii

51 705 144 768 surico
171 704 346 787 γέγραπται
376 704 642 784 προσκυνεῖσθαι·
691 702 759 766 ἀλλ’
796 701 904 788 ἐπειδη
939 701 1027 787 παρά
1068 706 1134 767 τάν

53 797 224 867 ἀποστόλων
255 795 276 886 ἦ
306 801 454 886 ἐκκλησία
486 803 586 865 ταῦτα
622 800 837 886 παρείληφεν,
875 803 914 866 od
947 805 1002 868 δεῖ
1029 805 1163 888 ζητεΐνῐ)

34 902 79 964 tsi
93 903 264 984 γέγραπται
283 892 305 983 ἢ
329 897 368 962 ori
387 900 569 984 γέγραπται·
607 897 709 964 πολλοὶ
728 897 789 986 γάρ
804 895 956 987 ἀγράφως
980 903 1001 985 ἦ
1020 905 1133 984 ἐκκλη-

42 1000 101 1063 σία
121 1001 308 1083 παρέλαβεν,
326 993 409 1080 άπερ
428 998 573 1080 λέγονται
592 999 752 1087 δόγματα,
783 1003 825 1064 δι’
854 997 1053 1082 ἐμπνεόσεως
1073 1004 1144 1068 τοῦ,

53 1097 136 1180 ἀγίου
154 1093 334 1180 ’πνεάμαιος
359 1100 431 1162 καθ’
459 1094 591 1182 ἑκάστην
617 1095 726 1186 γενεάν
747 1095 811 1165 sini
838 1103 899 1166 τιόν
921 1099 1018 1185 ἀγίων
1031 1103 1135 1166 adsoni

55 1196 165 1263 δοόλων
187 1197 243 1263 καί
260 1195 466 1282 θεραπόντων
485 1199 738 1264 διατυπωθένεα.
780 1204 851 1266 ἐπεί
865 1203 900 1268 δὲ
920 1205 1022 1268 ταῦτα
1039 1195 1135 1288 ἤκου-

55 1321 109 1382 σεν,
120 1296 342 1382 ἀπεδήλωσεν.
363 1300 479 1370 ‘fs’tst”
490 1297 570 1383 φησί
587 1301 661 1362 “καί
678 1302 866 1386 διαλέχθητι
880 1301 960 1384 πρός
978 1299 1054 1378 rosi<
1066 1305 1136 1365 κατ’

25 1405 49 1456 10
56 1399 132 1482 ἐμέ,”
143 1393 216 1474 τούς
229 1399 306 1482 περί
326 1397 490 1464 Ἀντώνιον
501 1399 557 1461 καί
569 1396 717 1481 Ἰωάννην
735 1401 846 1482 λόγων,
868 1404 923 1466 “oi
931 1423 1015 1478 τινες
1027 1399 1137 1486 ἀσφα-

54 1500 108 1572 λάς
128 1489 222 1582 εόρον
243 1500 277 1564 ἐν
298 1504 447 1572 παλαιοῖς
472 1499 607 1580 βιβλίοις
625 1500 756 1581 χρήσεις
778 1499 1018 1584 ἀποτροπαίους
1039 1521 1137 1582 προσ-

55 1601 215 1662 κυνεῖσθαι
242 1595 301 1674 τάς
333 1597 488 1674 εἶκόνας.”
530 1599 584 1662 καί
607 1595 717 1662 λοιπόν
737 1596 970 1684 όπατριάρχης
990 1600 1138 1664 ἀπίστει·
1147 1607 1181 1663 13

56 1701 103 1760 λεν
122 1694 313 1772 ἐπισκόπους
334 1698 390 1761 καί
419 1693 614 1781 ἡγουμένους
633 1698 817 1782 ἐλλογίμους
836 1697 917 1784 πρός
940 1697 1039 1764 adsis
1058 1697 1140 1782 πρός

57 1792 88 1858 τό
102 1793 364 1880 ἀπολογήσασθαι
384 1794 464 1880 πρός
483 1795 543 1871 τάς
561 1792 691 1873 πεύσεις
712 1799 823 1863 adrani.
850 1799 1083 1882 διαλεχθέντων
1104 1799 1141 1862 δὲ

28 1892 107 1956 ituci
122 1892 178 1977 τήν
202 1894 358 1980 ἀλήθειαν
376 1891 626 1976 ἀποδειξάντων,
653 1899 801 1976 ἐπέμενεν
822 1895 1005 1980 ἀναγκάζων
1026 1895 1143 1970 αδτοός

58 1995 259 2078 διαλεχθῆναι
281 1991 530 2081 agrigentinis
552 1996 698 2070 ἐναντίας
710 1997 834 2080 μοίρας.
877 1996 907 2061 οἱ
931 1998 967 2061 δὲ
987 1991 1074 2061 εἶπον
1094 1991 1144 2060 ότι

59 2083 123 2175 όρος
142 2089 213 2158 ἐστί
240 2095 296 2179 τῆς
316 2089 407 2178 όγιλις
438 2098 575 2178 συνόδου
605 2093 643 2162 τά
677 2095 784 2181 όρθάς
803 2098 1065 2179 δογματισθέντα
1089 2093 1145 2160 καί
1153 2104 1179 2156 Ρ.
1189 2101 1245 2162 438

61 2191 299 2257 διατυπωθέντα
318 2190 362 2277 μὴ
384 2194 451 2260 δεῖν
471 2192 567 2260 πάλιν
589 2193 771 2278 κακοόργως
792 2196 959 2279 ἀναζητεῖν
978 2191 1000 2279 ἢ
1020 2219 1146 2280 περιερ-

60 2289 218 2375 γάζεσθαι,
237 2294 319 2377 μηδὲ
345 2290 421 2369 τούς
446 2285 590 2378 άρρονας
613 2298 763 2371 θέλοντας
793 2299 962 2382 φιλονικεῖν
982 2299 1147 2360 ποιεῖσθαι

30 2383 246 2475 λθάπολογίας,
275 2387 414 2471 μάλιστα
443 2395 480 2464 δὲ
507 2392 565 2458 καί
580 2393 625 2477 μὴ
654 2393 872 2476 πειθομένους.
914 2392 973 2459 καί
991 2418 1089 2479 φησιν
1108 2392 1146 2457 “ό

56 2479 174 2572 ’Ἀριιος
196 2487 378 2570 μονώτατος
399 2492 541 2576 λαλήσας
572 2495 715 2578 ἐποίησεν
741 2494 875 2560 σύνοδον
895 2496 1149 2577 συγκροιηθῆναι

64 2588 102 2649 δι’
122 2587 245 2654 αὐτόν·
286 2595 342 2655 καί
362 2590 488 2658 πάντων
520 2593 812 2674 σκανδαλιζομένων
833 2595 908 2677 περί
928 2595 984 2676 τῆς
1004 2595 1148 2675 πίστεως,

64 2690 140 2766 τίνος
158 2691 262 2755 ἕνεκεν
284 2689 375 2774 όμεῖς
398 2694 438 2757 ου’
456 2691 611 2776 βούλεσθε
639 2693 851 2778 διαλεχθῆναι
871 2691 926 2758 καί
943 2692 1150 2779 πληροφορη-

126 2842 171 2898 20.
191 2857 287 2918 φασιν
304 2843 348 2897 Ρ·
416 2843 459 2900 22.
479 2799 622 2902 adesir-P:
642 2862 701 2900 corr
719 2843 803 2900 Comb

66 3003 167 3071 quidem
185 3021 278 3075 neque
303 3005 353 3056 illa
374 3005 513 3059 adoranda
537 3008 666 3080 scriptum
686 3015 737 3060 est.
773 3023 865 3060 verum
883 3010 1012 3078 quonism
1030 3008 1064 3059 ab
1084 3025 1150 3077 spo·

66 3075 137 3127 stolis
154 3075 222 3127 haec
241 3077 348 3146 excepit
366 3079 486 3140 ecclesia,
505 3087 593 3129 utrum
606 3080 733 3148 scriptum
746 3079 791 3131 vel
808 3097 864 3130 nou
883 3083 1011 3149 scriptum
1030 3080 1073 3140 sit,
1094 3095 1151 3131 non

67 3143 313 3216 decetinquirsrer
341 3148 419 3216 plurs
449 3164 568 3218 namque
592 3145 694 3216 scripto
722 3167 778 3201 non
797 3150 913 3211 tradite,
933 3167 1002 3220 quae
1022 3148 1150 3200 dicuntur

66 3212 200 3282 dogmata,
220 3219 372 3285 persancti
397 3219 507 3290 spiritus
533 3220 736 3288 inspirationem
767 3220 922 3271 successivis
949 3218 1114 3288 temporibus
1135 3235 1151 3270 a

67 3289 158 3338 sanctis
187 3289 246 3338 eius
271 3287 377 3340 famulis
405 3307 436 3340 ac
452 3290 538 3341 servis
557 3289 679 3341 ordinata
704 3289 817 3340 ecclesia
837 3290 952 3358 excepit.
988 3288 1030 3339 his
1050 3289 1151 3339 sortitis

67 3365 153 3408 contra
171 3359 242 3408 infit.
289 3358 423 3410 “accede'’
441 3361 532 3430 inquit
555 3367 679 3412 “etcum
695 3359 734 3411 eis
759 3361 806 3429 qui
828 3375 931 3410 mecum
950 3376 1003 3410 una
1029 3361 1151 3410 sentiunt

67 3425 176 3479 dissere''
205 3428 366 3498 (Antonium
392 3433 576 3501 loannemque
601 3430 783 3502 insinuabat),
809 3431 876 3498 “qui
905 3439 989 3482 certes
1010 3438 1038 3481 et
1057 3430 1150 3480 insin·

67 3497 174 3550 ctsbiles
197 3501 225 3550 in
243 3499 380 3552 veteribus
398 3501 475 3552 libris
495 3509 652 3570 repererunt
671 3501 845 3553 auctoritates
862 3499 897 3550 ab
922 3498 1084 3568 imaginibus
1102 3515 1151 3550 co-

67 3563 149 3620 lendis
169 3586 220 3620 nos
238 3569 430 3623 deterrentes.’¹
466 3570 613 3641 posthaec
631 3573 771 3640 episcopos
790 3579 818 3623 et
836 3573 953 3622 selectos
972 3571 1151 3622 monasterio-

67 3653 119 3688 rum
135 3642 305 3709 prsepositos
323 3641 495 3709 interrogatis
514 3641 572 3694 eius
595 3657 768 3712 responsuros
797 3640 833 3692 ad
852 3657 915 3692 enm
932 3639 1082 3711 patriarcha
1100 3641 1151 3690 mi·

68 3707 107 3757 sit.
142 3711 209 3778 ipsis
230 3710 424 3764 disserentibus
453 3721 481 3764 et
507 3713 648 3764 veritatem
670 3712 932 3774 slensoustrentibus‚
951 3711 1070 3763 instabat
1086 3711 1150 3772 Leo,

67 3783 93 3829 et
109 3785 139 3830 ut
155 3798 219 3831 cum
247 3781 359 3834 adversa
384 3792 461 3854 parte
483 3783 646 3835 dissererent
671 3782 791 3834 instabat
809 3780 1002 3834 vehementius.
1040 3797 1151 3850 respon·

69 3846 162 3902 derunt
181 3851 225 3902 illi
249 3861 377 3905 “sanctae
405 3853 500 3920 synodi
528 3853 665 3908 decretum
692 3861 732 3905 est
757 3860 830 3905 reete
857 3853 992 3904 declarata
1012 3851 1151 3920 probeque

70 3920 165 3971 sancita
183 3939 239 3974 non
259 3933 386 3992 oportere
405 3925 493 3976 denuo
513 3925 665 3976 examinare
686 3932 733 3976 aut
749 3923 878 3988 curiosius
899 3923 1040 3990 indagsre;
1060 3935 1150 3990 usque

69 3993 270 4044 contentionum
288 3994 443 4047 auctoribus
460 4003 489 4046 et
507 3995 591 4062 iurgia
609 3994 817 4064 requirentibus,
836 3995 859 4045 si
876 3994 1006 4048 obstinati
1025 4006 1151 4062 perseve-

70 4068 133 4120 rant,
150 4062 393 4133 respondendum.''
440 4065 535 4117 dicunt
552 4065 595 4118 illi
615 4066 712 4116 “Arius
740 4081 800 4114 cum
818 4081 887 4116 unus
906 4072 934 4115 et
950 4065 1024 4116 solus
1044 4063 1151 4114 locutus

69 4137 144 4192 esset,
160 4133 294 4200 synodum
313 4143 403 4187 tamen
427 4135 520 4203 colligi
549 4135 654 4204 co'e'git:
674 4151 747 4186 nunc
771 4151 834 4186 vero
852 4151 912 4187 cum
931 4137 1049 4200 omnium
1068 4133 1151 4184 animi

69 4199 137 4252 circa
154 4203 236 4258 fidens
255 4205 434 4272 offendentur,
449 4208 525 4260 euius
542 4223 622 4261 causa
638 4221 688 4263 Ιτοι
701 4205 915 4282 dissertationem
931 4204 1083 4258 habendam
1102 4202 1152 4256 ds·

119 4313 177 4370 leo.
196 4317 406 4390 Grammaticus·
923 4317 960 4374 23
