2838 4902
270 372 344 450 λου
631 415 642 428 ν
689 375 941 448 eustatmus

270 540 326 602 καί
345 531 485 617 βαρύτης
505 526 717 612 προβάλλεται
739 526 796 596 καί
825 525 945 614 φόρτος
966 529 1140 612 φροντιλλων
1161 525 1198 605 οὗ
1218 525 1342 613 φορητός,

271 638 326 701 κατ’
338 633 390 708 uic
409 630 466 696 οόπ
492 622 533 694 όν
555 626 605 713 εἴη
626 630 715 714 ederi
731 629 878 712 στιριπία
900 629 931 694 τί
949 622 1032 693 νότου
1045 625 1181 710 πάσχειν
1193 627 1343 692 κινδυνεύει

269 729 397 818 τρόποις
411 735 547 804 πολλοῖς.
569 723 689 812 ἔπασχε
705 729 739 794 δὲ
754 721 820 811 όρα
836 727 937 808 oridia,
958 728 1026 791 αλλ’
1046 727 1222 818 ἑνδόμογος
1237 716 1272 810 ἦν
1284 731 1345 790 πολ·

270 831 345 908 λαός
368 829 464 903 αότός
486 816 657 910 ὑποβαλεῖν
680 829 735 892 καί
754 827 898 902 εἶςαόθις
918 823 1063 910 α’τλήτοις
1083 823 1279 908 παθήμασιν.
1314 819 1346 898 ιός

271 934 306 1002 di
327 931 455 1012 ἐπέμενε
474 924 583 1010 μακρὰ
606 924 767 1010 γογγόζοιν
797 923 853 990 κατ’
873 921 951 990 κατυὶ
979 927 1087 1007 σχῆμα
1112 927 1364 1008 ιλυσανασχειόν,5

269 1027 325 1096 καί
354 1029 393 1116 τῇ
417 1031 477 1108 μὲν
504 1026 596 1111 ψυχῇ
625 1021 793 1106 νεμόμενος
819 1025 992 1107 βασιλικῶς
1011 1020 1068 1108 τὴν
1085 1025 1347 1112 μεγαλόπολιν,ιῇ

271 1131 307 1196 δὲ
329 1123 455 1214 γλιόοσῃ
476 1124 534 1209 τήν
556 1122 789 1210 Παφλαγονίαν
818 1126 989 1209 προφέρων
1011 1125 1067 1188 καί
1089 1119 1168 1205 ὅπερ
1193 1121 1289 1200 odric
1306 1125 1348 1207 ε’ρ.

271 1227 441 1312 ρητόρευεν
462 1226 562 1290 ἐκεῖσε
583 1220 675 1303 καλό,
698 1213 743 1286 ὧν
772 1223 868 1308 δῆθεν
889 1223 1225 1299 Κωνοιανεινοόπολις
1244 1225 1348 1306 doripe-

160 1368 173 1389 .
270 1351 317 1407 ro,
338 1323 394 1393 καί
413 1319 596 1409 θιγοιιυροός
616 1320 794 1402 ἐκόμπαζεν
814 1324 884 1387 ἐκεῖ
892 1326 1157 1406 πεφυλαγμένους
1177 1323 1273 1411 arisai,
1296 1325 1349 1386 er„

271 1430 339 1495 υίου
363 1425 402 1508 δὴ
422 1447 492 1492 τινα
519 1418 645 1504 θόρεν,
665 1419 721 1486 καί
754 1418 852 1496 odric
872 1416 991 1506 ταύτην
1010 1422 1281 1504 α’ναπλαττόμενος
1299 1428 1349 1496 τοῖς
1357 1442 1379 1494 it

271 1526 437 1610 ἀγνοοῦσιν
469 1523 521 1588 οἵα
542 1519 624 1604 τόχη
646 1512 744 1586 αὐτόν
763 1518 803 1586 τό
832 1517 893 1604 πρό
918 1521 1037 1586 τούτων
1060 1513 1186 1607 ἤλαυνε,
1208 1525 1264 1588 καί
1283 1516 1350 1608 ἦσαν

270 1623 310 1692 τό
333 1625 466 1690 τοιαῦτα
498 1620 707 1724 προβλήματα
734 1618 987 1705 φωνασκοόμινα
1007 1621 1051 1710 τῷ
1070 1621 1163 1705 α’νιίρὶ
1185 1623 1221 1688 εἰι
1239 1629 1351 1704 συχνοῖς

272 1718 378 1806 όγλοις
400 1725 455 1787 καί
471 1721 621 1802 συνεχῶς,
643 1720 702 1784 καί
716 1741 789 1784 ποτε
807 1721 863 1786 καί
882 1718 969 1806 παρό
996 1744 1062 1788 τισι
1082 1724 1146 1786 τοῖν
1167 1724 1352 1806 θερμοτέραν

272 1829 305 1890 ἐν
336 1825 379 1910 τῷ
408 1823 519 1908 κοινῷ,
552 1819 607 1883 καί
640 1815 697 1898 σός
730 1821 824 1886 ου’όίκ
847 1845 879 1886 τι
910 1822 1046 1906 ἐκφοβεῖ
1069 1819 1123 1886 διό
1157 1820 1192 1884 τὸ
1213 1818 1259 1904 μή
1283 1817 1352 1902 ἔχειν

271 1924 400 2006 πρᾶγμα
419 1923 495 1986 καθ’
523 1915 540 1984 ii
561 1916 756 2006 δεδίξονται,
777 1919 832 1985 καί
850 1913 945 2005 ἤρεσε
967 1929 1034 1998 τοῖς
1056 1917 1213 1996 τοιούτοις
1231 1920 1382 2002 denteri-it

272 2047 325 2088 σοι
348 2019 410 2106 τός,
434 2021 466 2086 εἰ
489 2017 533 2104 μή
559 2015 641 2084 καλό
660 2041 712 2084 σοι
733 2016 773 2084 τό
808 2020 970 2104 ἐνταῦθα,
1000 2020 1068 2090 οιίδ’
1095 2016 1164 2086 ἔστι
1183 2021 1354 2104 προσμένειν

272 2123 320 2188 ἐπ’
350 2121 463 2208 α’γαθιγῖ
492 2123 549 2206 τῆς
584 2118 842 2204 μεγαλοπόλιες,
869 2124 918 2196 τίς
944 2115 984 2188 όν
1013 2116 1063 2206 εἴη
1088 2119 1104 2186 ό
1134 2122 1354 2202 προσίστασθαι

273 2223 398 2310 φρονῶν
428 2224 570 2309 σωτηρίᾳ
598 2218 743 2286 τοιοότον
776 2218 912 2306 όνδρόςγ
943 2220 998 2286 καί
1024 2213 1075 2286 ότι
1103 2215 1122 2304 ἦ
1154 2213 1354 2305 όιλιγγὴτριαῆ

273 2323 441 2402 πολιοῦχος
474 2319 564 2403 ἡμῶν
594 2319 719 2402 α’ρκόσει
751 2316 829 2401 oriri
860 2318 934 2388 duri
965 2315 1089 2386 πόντων
1111 2317 1356 2401 καταπράξεσθαι

273 2418 314 2484 τό
336 2419 412 2504 ἡμίν
429 2416 599 2505 σύμφορα,
618 2415 661 2466 ’-
683 2417 727 2492 ιός
747 2419 865 2497 τοίνυν,
890 2420 942 2504 ἐφ’
974 2414 1020 2493 οἶς
1041 2420 1164 2498 παιζοιν
1184 2418 1292 2502 diriter,
1311 2411 1383 2490 ori-20

273 2543 334 2596 ταις
355 2521 598 2605 ἐμπεφορβιόιτο
610 2568 619 2598 ,
642 2521 717 2605 σιγᾷ
741 2515 850 2596 ειίθός,
879 2516 934 2602 τήν
954 2514 1158 2602 ὑποκριτικὴν
1176 2515 1288 2604 σκηνὴν
1308 2539 1355 2578 κα-

274 2620 380 2686 θελών
400 2618 457 2688 καί
478 2620 577 2702 μηδὲν
598 2642 629 2682 τι
647 2623 740 2682 πλέον
755 2619 854 2682 εἰπεῖν
875 2622 1099 2699 προσθέμενος.
1142 2616 1199 2683 καί
1218 2619 1290 2701 γαόν
1308 2613 1356 2694 τόν

274 2715 422 2803 μηχανὴν
447 2715 566 2803 ταύτην
588 2721 634 2792 είς
654 2717 743 2781 κενόν
774 2714 853 2784 idedu
876 2718 1054 2804 σχόσασαν,
1075 2719 1133 2783 καί
1151 2740 1214 2782 που
1234 2718 1287 2782 κατ’
1303 2706 1356 2778 αό-

347 2887 371 2936 1.
392 2885 500 2958 φόρτος
518 2886 666 2960 φορτίδων
684 2887 708 2938 Τ

278 3055 329 3092 σεε
348 3039 400 3091 sibi
418 3048 519 3109 gratum
539 3057 607 3106 esse,
626 3043 648 3094 si
666 3041 704 3094 ita
722 3041 776 3093 sibi
792 3041 950 3111 patiendum
973 3041 1008 3098 sit
1033 3041 1126 3094 multis
1143 3039 1243 3093 modis.
1277 3053 1355 3089 verum

279 3109 349 3164 nihil
368 3112 416 3164 iile
435 3111 597 3181 patiebatur,
627 3111 675 3165 sed
694 3113 877 3166 meditabatur
896 3113 987 3165 denuo
1007 3113 1107 3164 multoe
1127 3109 1293 3165 intolerabili
1309 3105 1355 3158 affi-

279 3199 340 3236 cere
360 3183 477 3236 miserie.
515 3185 607 3254 itaque
627 3202 710 3255 quum
735 3184 774 3237 its
790 3193 921 3253 perpetuo
942 3184 1069 3236 fremeret
1091 3191 1120 3235 et
1136 3200 1234 3253 parum
1252 3198 1279 3234 se
1289 3179 1355 3232 rebus

279 3263 436 3309 contentum
455 3270 513 3307 esse
538 3255 685 3320 simularet,
708 3263 736 3308 et
757 3257 846 3308 animo
877 3253 928 3307 sibi
948 3255 1070 3325 placeret
1087 3255 1117 3305 in
1139 3255 1215 3322 regia
1232 3252 1302 3306 urbis
1318 3249 1356 3300 rd-

161 3361 165 3368 ·
279 3326 495 3388 ministratione,
524 3325 613 3378 serbis
642 3335 731 3378 autem
763 3325 971 3396 Paphlagoniam
996 3326 1145 3396 praeferret
1173 3332 1202 3378 et
1230 3319 1357 3395 queeillic

280 3398 332 3448 sibi
350 3397 422 3448 hona
441 3412 499 3450 esse
517 3396 706 3466 praedicabat,
725 3398 823 3468 quibus
841 3398 945 3448 scilieet
965 3405 1070 3449 careret
1087 3397 1107 3448 C
1129 3397 1190 3460 olis,
1207 3395 1356 3461 iactaretqus

280 3468 420 3520 thesauros
438 3467 478 3520 ibi
499 3467 551 3520 sihi
568 3475 724 3530 asservatos,
742 3467 860 3522 Phanias
880 3467 1009 3520 videlicet
1026 3415 1161 3538 quandin
1178 3467 1294 3529 ianuam,
1312 3475 1356 3512 τοι

279 3540 339 3608 ipro
358 3537 508 3601 confictam,
526 3539 549 3590 si
569 3540 616 3610 qui
638 3541 783 3602 nescirent,
802 3555 872 3609 quas
891 3538 968 3590 iilum
987 3539 1097 3592 fortuna
1116 3545 1181 3590 ants
1199 3539 1306 3607 egisset:
1324 3541 1358 3584 ts·

279 3609 318 3660 iin
337 3610 420 3676 igitur
441 3625 525 3680 qrrum
547 3611 575 3661 in
602 3625 647 3661 ore
667 3627 771 3680 semper
789 3609 902 3662 haberet
927 3610 956 3661 in
975 3617 1054 3662 coetu
1072 3624 1254 3680 quocunque,
1274 3601 1357 3658 assidit

279 3679 308 3732 id
325 3679 463 3750 quondam
483 3697 571 3732 eoram
591 3680 752 3751 quibusdam
771 3680 925 3734 fervidioris
942 3681 1092 3733 incivitate
1106 3680 1220 3747 ingenii,
1238 3679 1284 3750 qui
1295 3674 1357 3728 nnita

280 3767 308 3802 re
318 3757 491 3814 terrerentur,
510 3758 653 3822 propterea
666 3750 742 3822 quod
759 3769 815 3806 σοι
825 3750 972 3815 habebant,
989 3767 1038 3802 cur
1048 3750 1099 3802 sibi
1114 3753 1251 3812 timerent,
1268 3764 1298 3800 eo
1309 3746 1357 3816 pia·

280 3823 336 3876 cuit
351 3820 393 3875 his
407 3821 561 3886 uociferari,
580 3823 603 3875 si
617 3821 800 3892 displicerent,
821 3837 891 3894 quae
909 3823 1081 3886 fierentnon
1098 3836 1166 3884 esse,
1186 3838 1234 3872 ear
1251 3822 1357 3872 msssrst

279 3891 353 3945 boso
372 3893 502 3946 civitatis:
520 3894 580 3965 quia
591 3895 674 3957 enim,
693 3895 779 3956 siunt,
798 3893 905 3946 obstare
917 3893 985 3946 velit
996 3893 1059 3945 tuiis
1074 3891 1191 3944 hominis
1204 3889 1301 3944 saluti!
1317 3885 1357 3938 erit

280 3962 334 4016 dux
350 3971 443 4018 nostra
460 3981 567 4034 presses
589 3965 684 4028 urbis,
701 3967 786 4016 instar
804 3966 925 4016 omnium
950 3963 984 4016 ad
1002 3961 1183 4034 perficienda,
1202 3977 1274 4033 qnae
1291 3954 1358 4012 robis

281 4033 401 4085 salubris
426 4043 496 4087 sunt.
535 4053 618 4108 quum
643 4037 725 4103 igitur
743 4036 777 4086 ab
796 4037 837 4098 iis,
864 4035 963 4106 quibus
984 4033 1100 4087 illudere
1118 4041 1231 4086 conatus
1250 4039 1312 4092 erat,
1327 4029 1356 4078 it²

282 4105 414 4158 refutatus
439 4115 523 4168 esset,
551 4107 681 4160 conticuit
699 4109 808 4170 statim,
827 4122 906 4158 scena
934 4106 1139 4176 praestigiarum
1164 4111 1302 4176 prostrata,
1318 4112 1357 4150 att

281 4174 391 4228 verbum
424 4177 536 4247 insuper
561 4176 675 4230 eddidit.
723 4195 780 4228 eam
800 4177 881 4246 igitur
897 4175 1019 4228 fraudem
1037 4193 1121 4247 quum
1139 4175 1241 4228 irritam
1259 4173 1356 4229 videret.

282 4253 310 4298 et
328 4247 388 4316 ipss
411 4247 553 4316 proverbio
578 4247 707 4324 dixisset,
732 4250 780 4301 ille
808 4248 945 4302 funiculus
977 4246 1049 4301 nihil
1076 4248 1191 4320 piscium
1203 4245 1355 4306 attraxitri

218 4354 226 4373 ι

307 4380 329 4417 ἱ
