2892 4904
159 424 165 435 .
233 331 288 392 na
304 323 609 394 suessanorum
627 323 831 390 οοοτιαιε
851 323 993 392 ctera.
1020 333 1021 340 ¹
1083 316 1154 398 tur

78 481 228 563 στρουθοί
246 473 318 547 οὔτε
338 482 461 542 πέλειαι
483 471 724 561 οότεκόρακες,
745 475 779 539 oi
796 478 834 562 τῇ
854 482 929 542 καθ’
951 479 1032 560 ἡμᾶς
1052 481 1158 565 πρῴην

79 581 294 663 inexoptatae,
316 571 387 643 οὔτε
413 570 507 652 ἄλλος
524 585 570 654 τις
591 569 676 656 ὅρνις
695 576 751 640 τὸν
776 569 858 659 οἷίρα
876 576 1069 661 διενήχοντο,
1090 580 1159 644 ἀλλ’
1221 633 1223 636 .

70 680 317 758 -ἑκτετοπισμόνα
338 680 492 756 ε’νὲμοντο
522 678 577 739 καί
605 675 681 757 ἡμῖν
700 667 838 760 ἄφαντα.
881 674 1076 740 δικαιοῦτε
1100 681 1158 757 μὲν

79 784 131 846 καί
151 777 227 863 μετὰ
248 778 305 864 τήν
326 772 445 844 ἅλωσιν
466 777 515 862 ἔφ’
537 774 651 859 ἱκανόν,
669 769 720 842 οἶοι
741 779 799 839 τοῦ
818 777 909 849 δόοας
931 779 987 842 καί
1002 785 1065 852 τοῖς
1082 777 1160 842 nitri.

58 896 139 962 οχοις
160 882 416 961 παραμένοντος·
456 877 573 960 ἡμέραι
593 873 654 959 χοὶρ
676 869 807 956 ὕστερον
827 879 952 956 συχνοί,
974 881 1028 940 καί
1046 874 1160 958 οἱμὲν

79 974 217 1065 όμφοδοι
243 981 300 1061 τῆς
329 975 448 1051 πόλεως
480 973 616 1059 turrea»
650 972 813 1055 σπορίμων
851 963 1077 1058 παντοδαπῶν,
1113 969 1161 1050 οἷς

79 1084 243 1162 χαίρουσιν
270 1075 301 1141 οἱ
327 1080 392 1141 τῶν
420 1078 557 1160 ὀρνίθων
586 1072 804 1158 σπερμοφόχοι
835 1071 884 1158 (τό
915 1073 1077 1156 βάρβαρον
1098 1076 1159 1160 χοὶρ

79 1177 135 1240 σόκ
153 1170 236 1240 οἱνιέι
264 1172 404 1260 όρπόζον
434 1172 490 1238 καί
509 1177 733 1258 καταπονοῦν),
762 1165 848 1256 όρνις
869 1177 905 1238 δέ
925 1175 1085 1244 ποδενοό
1105 1201 1161 1240 κα.-

77 1279 206 1356 τόβαινε.
247 1275 418 1339 rattruut
450 1267 538 1354 οἶμαι
557 1271 736 1355 καινότερον
767 1275 866 1339 taetro
887 1267 935 1358 ἦν,
955 1268 1005 1338 ότι
1025 1298 1088 1358 περ,
1106 1273 1162 1340 sie.

45 1380 131 1449 ιοτοῦ
152 1377 418 1456 καταρραγέντος,
439 1371 495 1438 καί
514 1374 547 1448 ἐξ
569 1363 615 1435 σόν
643 1370 673 1434 οἱ
694 1375 807 1455 ἐχθροί
828 1371 1023 1455 ἐσκόρπιζον,
1043 1375 1161 1458 ἀροῦν.

79 1473 126 1548 τές
147 1477 215 1554 μὲν,
239 1466 355 1538 οόκοον
376 1477 559 1554 ’σπείροντες
587 1473 622 1536 st
652 1470 690 1534 τό
724 1471 819 1536 καλὸν
848 1468 921 1538 όλον
944 1467 1047 1558 όστν,
1066 1478 1162 1558 ratur

79 1569 180 1652 δι’σπερ
203 1573 409 1657 οἰναφοίντων
430 1574 556 1652 συχνῶν
576 1573 630 1634 καί
657 1573 703 1646 εἰς
723 1571 821 1653 μῆκος
841 1569 1088 1653 ἐπιδεδωκότων,
1109 1574 1163 1662 οδ-

80 1677 130 1736 tas
151 1675 237 1752 ζῶον·
257 1671 420 1756 ποηφόγον
451 1673 572 1734 ἐκεῖθεν
598 1671 745 1754 ereptare
766 1695 814 1750 τι,
844 1674 911 1735 dtt'
933 1666 1019 1754 εἶχεν
1039 1676 1162 1758 αἳρεσιν

80 1770 189 1847 κόνεως
211 1773 401 1856 ε’ρέπτεσδαι
421 1762 502 1854 ἥπερ
524 1772 558 1833 ἐκ
589 1769 651 1834 τοῖν
671 1767 929 1854 restaurantur
952 1779 1063 1858 φαγεῖν
1081 1767 1163 1855 eicit*

46 1871 350 1955 ι5πεφαρμαχμόνων
380 1861 426 1944 οἷς
452 1866 485 1934 τό
519 1871 665 1950 περιέχον
679 1869 851 1953 μεμιάντο,
880 1862 901 1951 ἢ
934 1869 989 1934 καί
1009 1866 1060 1934 ότι
1083 1869 1164 1940 κατὰ

78 1971 147 2045 τοόζ
169 1973 402 2058 purpuranae,
425 1967 466 2043 τός
488 1965 588 2050 λόχος,
616 1970 660 2054 τῷ
681 1967 781 2031 πόλοι
799 1967 953 2051 Διομήδει
975 1974 1165 2050 σονεμίσοον

78 2068 109 2134 τό
130 2070 294 2153 βόρβορον
315 2068 370 2132 καί
391 2067 495 2146 αότοί,
518 2060 569 2132 οἶα
590 2066 634 2152 μή
656 2064 771 2142 ε’θόδες
791 2063 924 2133 ἐκείνων.

158 2167 231 2234 Καὶ
265 2168 404 2232 τοιοῦτον
436 2169 496 2248 μὲν
519 2165 701 2249 καὶτοῦτο,
729 2170 933 2252 παραρριφὲν
954 2167 992 2230 ου’
1013 2171 1165 2252 περιττῶς

79 2273 120 2344 εἰς
140 2264 347 2352 onyypuspp'r·
399 2267 418 2351 ἦ
448 2269 484 2330 δὲ
504 2267 595 2341 πόλις
624 2265 879 2350 εἰσπηδησόντων
899 2271 962 2332 τῶν
982 2265 1164 2350 οἶντιμόχων

44 2365 214 2451 νθέποσχεν
235 2361 295 2430 όσα
317 2372 408 2450 φιλεῖ
434 2368 513 2448 δρόν
541 2359 650 2446 ἄγριος
669 2364 814 2443 πόλεμος.
855 2369 910 2431 καί
924 2366 953 2430 οῖ
972 2370 1032 2446 μὲν
1051 2362 1163 2450 ἡμέτε-

80 2491 134 2552 ροι,
156 2468 221 2550 οόχ
242 2465 258 2530 ὁ
276 2469 335 2546 μὲν
365 2463 383 2530 ό
412 2468 439 2530 δ’
462 2458 517 2544 ori,
543 2467 624 2529 ἄλλα
646 2463 756 2538 κιόντες
776 2461 910 2549 ἔφευγον
930 2465 1164 2554 ἀμεταστρεπτί

80 2570 148 2632 καθ’
169 2563 373 2650 ὑπεξαίρεσιν
403 2563 629 2648 εόαριθμὴτων
650 2566 761 2644 τινῶν,
781 2558 855 2648 ὅπερ
878 2561 1020 2650 ἔφαμεν·
1063 2567 1098 2630 ἐν
1119 2555 1165 2640 οἷς

82 2831 230 2910 quum'nee
250 2849 370 2910 passeres
389 2859 439 2893 nec
459 2841 600 2894 columbae
627 2859 677 2894 nec
697 2843 779 2907 corvi,
797 2843 844 2912 qni
862 2850 926 2894 ante
944 2859 993 2894 nos
1013 2843 1098 2894 visere
1119 2859 1165 2895 so·

82 2913 182 2975 lebant,
201 2928 253 2962 nac
269 2913 324 2964 alia
340 2913 396 2964 avis
415 2929 526 2980 usquam
544 2931 594 2982 per
611 2929 700 2966 aerem
721 2921 869 2982 vagaretur,
887 2915 935 2964 sesi
947 2913 1119 2966 avolaverant
1137 2921 1166 2966 et

83 2991 260 3052 econspectu
288 2993 461 3034 evanuerant.
499 2993 580 3054 atque
609 2983 661 3034 lioe
681 2985 790 3053 quidem
809 2987 890 3036 etiam
910 2993 973 3054 post
991 2993 1096 3053 captam
1119 3002 1167 3036 ur·

82 3053 140 3106 bern
161 3053 289 3106 manebat
310 3054 486 3124 aliquamdiu,
511 3058 607 3106 timore
628 3055 731 3124 quippe
754 3058 833 3106 etiam
852 3057 996 3124 pecoribus
1015 3057 1165 3110 constratis.

83 3125 137 3176 dies
152 3126 230 3176 *enim
247 3123 325 3176 multi
345 3125 478 3187 abierunt,
498 3125 639 3178 darn‘viae
662 3125 734 3176 urbis
753 3126 874 3193 repletae
892 3136 955 3179 runt
972 3128 1060 3192 granis
1077 3127 1167 3187 variis,

83 3211 150 3264 quae
172 3212 235 3246 aves
257 3196 344 3262 granis
363 3205 499 3247 vescentes
517 3205 609 3248 amant
634 3195 752 3265 (barbari
776 3197 848 3246 enim
868 3213 924 3246 noa
944 3196 1083 3248 cessabant
1101 3213 1167 3249 cau·

83 3276 124 3318 cta
141 3283 237 3338 rapere
255 3275 283 3317 et
301 3267 435 3338 vastare),
462 3284 514 3321 nec
534 3268 591 3319 ulla
610 3267 666 3318 avis
693 3283 806 3336 usquam
824 3267 980 3334 comparuit.
1018 3283 1059 3316 res
1078 3274 1168 3317 autern

85 3341 162 3390 etiarn
184 3336 336 3388 mirabilior
354 3337 421 3389 haec
442 3347 518 3399 erat,
537 3337 628 3406 quod,
647 3354 729 3406 quum
752 3336 839 3388 imber
857 3337 945 3403 largus
964 3335 1120 3388 defluxisset
1141 3345 1170 3390 et

85 3423 115 3458 ea
135 3411 177 3470 iis,
198 3425 269 3477 qnae
287 3407 386 3470 hostes,
406 3417 515 3460 arantes
530 3409 572 3458 ilii
598 3408 716 3476 quidem,
734 3424 790 3459 non
809 3416 940 3469 serentes,
955 3407 1169 3460 venustissimam

85 3479 176 3530 urbem
195 3479 355 3541 universam,
373 3479 564 3547 disperserant,
582 3479 658 3548 qnasi
670 3485 773 3546 segetes
795 3479 949 3530 luxuriosae
967 3485 1062 3534 enatae
1081 3486 1170 3531 essent

86 3556 112 3599 et
131 3549 272 3600 inaltant
293 3551 452 3609 crevissent,
475 3549 581 3600 nullum
612 3549 711 3599 animal
737 3549 856 3616 gramine
882 3565 993 3617 pascent
1021 3548 1170 3617 quidquam

85 3617 146 3670 inde
169 3619 314 3687 carpebat,
340 3619 388 3670 sod
415 3620 543 3688 pabulunt
570 3635 586 3670 e
613 3620 723 3688 pulvere
750 3619 903 3688 anquirere,
931 3635 1010 3687 quam
1032 3619 1080 3668 iiia
1098 3619 1170 3673 vesei

85 3689 165 3740 herba
184 3689 330 3750 malebant,
350 3691 406 3742 sive
425 3689 499 3760 quod
518 3697 705 3741 aversarentur
724 3707 781 3740 eam
802 3689 880 3758 quasi
897 3696 1067 3748 venenatam,
1089 3688 1168 3740 rebus

85 3762 184 3828 qnippe
210 3761 333 3812 omnibus
361 3763 459 3812 circum
481 3762 597 3820 inseetis,
616 3761 671 3810 rive
689 3760 772 3829 quod,
791 3759 938 3812 secundum
957 3759 1076 3812 fabulam
1095 3760 1170 3812 iliam

86 3830 118 3880 da
135 3831 216 3898 prisci
235 3830 386 3882 Diomedis
402 3833 578 3894 animalibus,
595 3833 653 3899 ipsa
680 3847 790 3901 quoque
817 3831 965 3891 barbaros,
984 3837 1079 3900 utpote
1098 3830 1170 3884 haud

85 3901 138 3951 illis
157 3909 274 3963 assueta,
293 3901 421 3953 odissent.

153 3974 243 4040 Atque
268 3971 335 4022 haec
366 3972 475 4043 quidem
504 3972 652 4032 hactenus,
671 3989 726 4023 nou
751 3981 857 4040 praeter
882 3987 935 4024 rem
954 3971 1102 4023 narrationi
1121 3989 1173 4022 no·

87 4050 153 4092 strae
172 4043 343 4112 interposita.
381 4043 444 4094 urbs
463 4045 589 4104 interim*
601 4045 721 4093 irruente
741 4045 827 4104 hoste,
846 4059 924 4110 passa
944 4051 992 4103 ert,
1010 4058 1080 4110 quae
1098 4053 1173 4095 atrox

85 4111 185 4165 belluna
199 4130 295 4181 parare
309 4116 388 4186 solet.
407 4115 492 4166 nostri
512 4124 611 4175 sutem,
632 4115 795 4182 nonpossint
814 4113 922 4180 singuli,
941 4113 989 4164 sed
1007 4114 1095 4164 suncti
1114 4114 1172 4164 sine

88 4192 209 4254 respectu
227 4185 387 4252 fugiebant,
410 4186 505 4256 paucis
532 4186 639 4256 aliquot
658 4186 796 4254 exceptis,
826 4193 855 4236 ut
877 4184 1008 4238 diximus:
1028 4186 1056 4236 in
1076 4184 1173 4253 quibus
