2892 4904
258 319 332 392 sut
426 277 429 282 ¹
498 322 556 388 sn
584 323 748 388 senonen
777 319 1089 390 catanancen

259 497 329 562 dice
350 513 422 558 eum
457 495 512 579 qni
536 495 641 578 primo
663 493 760 557 edidit
786 493 907 578 liquet:
929 493 1012 556 unde
1035 503 1068 556 et
1089 495 1282 558 stomachum
1303 499 1345 560 ia.
1440 509 1441 526 *

257 580 312 656 cit,
335 577 422 661 quod
457 578 539 640 uuila
570 579 681 642 maiori
709 577 878 640 collatione
912 599 984 640 cum
1005 599 1064 640 mss
1086 577 1176 641 codd·
1200 601 1298 664 exque
1316 583 1345 644 iis

260 661 515 726 emendationes
537 667 651 728 nostris
673 681 797 724 recusus
821 672 874 725 est.

339 741 382 806 84
424 743 483 828 τήν
507 739 636 832 ἑορτὴν]
667 747 778 808 clarius
799 748 979 828 Anonymus
1012 736 1070 826 τὴν
1089 738 1240 827 τοιαύτην
1260 749 1348 829 npos'·

256 831 382 974 mciii
424 899 588 993 ἄσηπτος]
616 911 792 976 cedrenus:
821 905 898 992 ὃβίω
925 901 1040 992 χρόνον
1058 905 1180 990 συχνὸν
1199 913 1273 988 μετ’
1292 905 1349 975 csi-

255 995 311 1058 τοῦ
330 990 485 1076 dereptis:
507 991 565 1057 diu
579 1015 648 1058 cnm
667 1017 703 1059 eo
715 997 798 1058 vixit
818 993 953 1058 nondum
972 993 1087 1056 donata
1099 995 1240 1076 nuptiali
1259 998 1350 1060 mml-
1441 1000 1442 1028 ³

257 1079 302 1158 ln,
317 1087 372 1140 eut
388 1077 552 1140 celebratis
570 1099 638 1142 cum
651 1101 687 1142 eo
708 1081 839 1163 nuptias.-
863 1075 976 1138 dehac
995 1078 1086 1154 euim,
1108 1097 1173 1137 non
1196 1078 1239 1141 de
1260 1080 1352 1164 impe·

258 1161 328 1228 riaii
350 1182 468 1222 corona
489 1183 592 1224 sermo
615 1172 670 1240 est,
691 1160 841 1246 quicquid
860 1163 916 1222 sibi
932 1161 1085 1243 interpres
1106 1159 1299 1226 indulserit:
1319 1163 1353 1226 de

260 1268 321 1329 qua
343 1245 435 1307 etiam
459 1246 658 1326 postmodum
680 1246 836 1326 subditur,
858 1243 999 1328 deposito
1021 1244 1163 1306 ministro
1185 1247 1244 1326 qui
1266 1269 1353 1308 coro-

260 1351 338 1395 nare
359 1329 617 1411 praesumpsisset,
639 1331 767 1412 ipsoque
787 1331 892 1392 Leone
925 1329 1017 1390 sacris
1036 1328 1213 1410 prohibito,
1241 1331 1354 1392 abhor-

259 1422 348 1476 rente
367 1412 485 1475 scilicet
510 1436 527 1474 a
552 1414 669 1497 quartis
692 1415 806 1496 nuptiis
823 1417 943 1476 Graeca
968 1413 1092 1494 pietate,
1116 1434 1197 1495 quae
1221 1417 1270 1476 vix
1291 1422 1352 1476 ter-

259 1495 315 1558 tias
335 1496 422 1557 indui
444 1504 484 1558 et.
800 1555 805 1564 .

337 1576 379 1642 86
422 1573 658 1658 «aasumensi
679 1578 714 1640 dd
735 1578 828 1662 ἑντῇ
854 1577 1086 1660 αὕτοκρατοριά
1107 1577 1166 1640 soii
1184 1579 1355 1662 βασιλέως]

257 1661 371 1724 horum
393 1663 598 1744 interpretem
629 1662 720 1723 alium
744 1663 840 1724 nolim
871 1683 965 1745 quam
986 1661 1060 1726 Vat.
1089 1662 1356 1742 continuatorem,

258 1769 294 1809 ex
316 1767 379 1830 quo
401 1748 444 1806 sic
456 1747 592 1808 Leonem
613 1747 767 1828 scripsisse
789 1746 918 1808 omniuo
942 1746 1088 1820 coniicio,
1110 1739 1173 1806 α’πό
1188 1739 1356 1824 carduum

257 1829 292 1892 ἐν
311 1831 351 1914 τῇ
372 1825 572 1914 κουρατωρίᾳ
604 1831 661 1891 τοῦ
681 1829 848 1907 βασιλέως.
900 1833 962 1912 egit
981 1850 1093 1892 memes
1114 1844 1257 1914 φιαττυον
1280 1833 1357 1892 aula

256 1915 397 1975 exclusus
432 1915 466 1974 iu
485 1913 613 1975 Bardae
634 1913 746 1995 domo,
770 1933 855 2056 puae
877 1914 1070 2000 imperatoris
1088 1915 1214 2010 peculii
1233 1935 1275 1976 ac
1293 1915 1358 1985 fisci

252 1997 375 2082 privati
392 2008 469 2058 erut.
510 1997 554 2056 sic
575 2017 686 2079 nempe
709 2006 851 2058 conecto
878 1997 983 2059 Barda
1002 2017 1051 2058 eas
1072 1997 1131 2058 sihi
1155 1997 1247 2058 aedes
1273 1997 1357 2058 Basi-

255 2079 314 2142 lius
337 2077 514 2153 addixerst3
537 2081 662 2165 hocque
683 2088 728 2142 est
749 2081 958 2162 κουρατωρία,
980 2079 1027 2141 uti
1047 2079 1155 2142 videre
1177 2090 1224 2143 est
1247 2102 1281 2162 p.
1293 2080 1354 2142 412

253 2171 288 2230 ‚et
307 2159 402 2226 504.·
426 2165 540 2226 mirum
565 2164 820 2248 quamexceda'nt
864 2185 921 2226 uae
942 2163 998 2225 sihi
1020 2163 1174 2247 interpres
1193 2185 1357 2226 commen-

256 2254 306 2309 tus
330 2255 396 2330 est..
436 2247 507 2309 vide
535 2257 568 2311 et
596 2258 705 2311 notata
735 2269 806 2332 pag.
826 2187 910 2323 diat,
932 2247 986 2308 ubi
1017 2255 1049 2308 et
1078 2249 1177 2308 relata
1199 2247 1357 2332 Anonymi

254 2331 350 2395 rerba
372 2332 485 2416 quibus
509 2330 560 2394 iric
580 2332 677 2393 nitor.
720 2352 780 2392 vox
800 2329 1024 2412 perstupentes
1041 2331 1076 2398 P.
1091 2334 1178 2394 Goar
1199 2331 1353 2413 explicata

256 2415 289 2478 iu
309 2416 505 2500 Euchologio
528 2423 560 2477 et
579 2415 663 2498 apud
686 2413 874 2476 Cedrenum.

339 2515 379 2578 87
421 2509 540 2598 χιόνος]
573 2514 730 2579 Cedrenus
758 2507 878 2594 χρόνον
909 2511 1006 2597 legit,
1026 2535 1096 2575 cum
1118 2514 1161 2576 sic
1181 2515 1293 2576 efferte
1315 2513 1355 2574 osi

255 2592 335 2660 πολι)
360 2597 505 2678 παρῆλθε
516 2591 635 2680 καιρός.
678 2599 772 2661 otiam
788 2601 978 2680 Anonymus,
996 2590 1113 2676 χρόνον
1135 2596 1171 2658 dd
1191 2596 1357 2676 ἐπικειμέ-

257 2701 315 2744 rou
340 2682 470 2743 πολλοῦ.
512 2682 566 2743 ubi
587 2681 779 2744 restituenda
802 2685 925 2764 negatio
952 2703 988 2742 ex
1012 2681 1104 2743 allato
1125 2681 1298 2743 Cedrenus.

340 2779 381 2842 88
423 2779 478 2842 rosi
498 2775 583 2859 ἔχειν
606 2771 734 2862 ἄνδρας]
759 2784 937 2864 Arronymus
958 2781 1015 2841 τοῦ
1034 2773 1119 2859 ἔχειν
1139 2783 1277 2860 γυναῖκα
1300 2772 1357 2841 ἄν.

256 2861 346 2942 δρας.
391 2863 512 2946 quidsi
534 2873 704 2948 utrumque
725 2865 845 2925 sasicire
867 2866 984 2944 voluit,
1005 2865 1158 2946 pariaque
1182 2865 1355 2954 voluit'fe.

256 2946 360 3010 minue
379 2947 504 3028 virique
530 2947 611 3026 iura,
625 2962 686 3010 tum
708 2951 853 3009 ninsirum
875 2949 977 3008 virum
991 2962 1049 3010 tres
1067 2961 1252 3029 quatnsorve
1274 2971 1355 3009 uro-

255 3051 301 3090 res
318 3051 407 3115 posse
428 3031 550 3104 ducere,
573 3044 635 3091 tum
655 3052 784 3092 uxorem
806 3031 931 3092 totidem
945 3033 1039 3097 uiros.
1084 3053 1147 3092 non
1169 3024 1251 3090 κατὰ
1272 3053 1353 3092 ταυ-

254 3110 320 3192 τὸν,
342 3115 434 3176 simul
461 3127 491 3174 et
517 3115 631 3192 semel,
655 3115 740 3197 quod
772 3113 851 3176 maie
873 3114 985 3174 adiecit
1014 3115 1174 3175 Cedrenus
1198 3116 1352 3196 [ineptum

255 3197 317 3258 hoc
338 3197 462 3280 opinari
493 3197 532 3258 de
554 3199 623 3257 viro
655 3199 772 3280 alioqui
802 3201 942 3280 sapiente
972 3221 1009 3260 ac
1038 3197 1140 3280 probe
1161 3196 1354 3274 Christiano,

258 3281 307 3342 cui
337 3293 369 3344 et
404 3281 572 3342 doctissimi
601 3280 661 3341 viri
683 3280 945 3364 astipularentur,
973 3290 1008 3341 ut
1042 3285 1106 3364 ipse
1131 3283 1251 3343 fatetur
1273 3283 1350 3356 Leo,

257 3386 369 3448 nempe
392 3365 608 3426 Occidentaies
631 3365 686 3447 qui
710 3388 772 3426 non
795 3377 948 3447 respuunt
972 3375 1098 3449 quartus
1122 3367 1256 3446 nuptias,
1278 3367 1350 3426 aiii.

257 3469 317 3530 que
339 3450 373 3512 iis
395 3447 510 3509 addicti
535 3470 571 3510 ac
591 3449 721 3510 sanioris
751 3451 872 3522 trientis,
898 3470 975 3532 quos
998 3471 1058 3509 non
1081 3449 1196 3510 lateret
1218 3449 1352 3510 Romani

255 3532 384 3595 maxime
407 3532 563 3614 pontificis
588 3534 756 3594 auctoritas
772 3533 968 3614 dispensandi
991 3535 1021 3592 in
1043 3533 1079 3593 iis
1106 3543 1281 3618 quaesunt
1303 3533 1352 3594 iu-

256 3617 298 3676 ris
319 3615 466 3677 duntaxat
488 3615 693 3694 ecclesiastici,
718 3638 774 3678 nec
796 3618 826 3677 id
849 3617 1039 3686 universalis,
1064 3615 1117 3676 sed
1138 3615 1306 3696 peculiaris
1321 3617 1351 3675 in

257 3696 400 3775 Oriente,
420 3701 465 3760 uti
489 3699 570 3760 istud
595 3699 634 3761 de
654 3702 753 3760 tertiis
775 3710 805 3760 et
823 3701 939 3781 quartis
960 3699 1075 3782 nuptiis
1098 3699 1208 3776 vetitis)
1232 3699 1285 3761 sed
1310 3701 1352 3759 ita

256 3791 292 3841 nt
313 3781 464 3844 defunctis
490 3785 565 3845 aliae
588 3781 651 3843 aliis
673 3783 886 3860 succederent,
908 3785 970 3846 sive
993 3785 1087 3851 etiam
1110 3783 1161 3843 aiii
1182 3783 1258 3860 aliis,
1277 3785 1351 3866 ⁸lege

256 3863 308 3926 ilia
340 3868 502 3928 universali
535 3865 722 3947 praesidium
752 3889 901 3950 quaerens
924 3869 1042 3950 quartis
1063 3862 1121 3928 illis
1144 3868 1203 3927 suis
1225 3865 1350 3950 nuptiis,

258 3971 391 4030 quarurn
413 3952 537 4012 nomine
553 3950 696 4011 Nicolaus
720 3953 897 4032 patriarcha
912 3952 1107 4013 anathemate
1129 3948 1269 4033 fericcpn
1293 3950 1350 4010 ad-

259 4052 362 4115 eoque
387 4035 546 4116 scripserit
570 4035 728 4096 Cedrenus
751 4035 837 4118 quod
864 4045 895 4095 et
916 4035 1127 4116 Curopalata,
1156 4034 1224 4096 κατ’
1253 4028 1351 4094 αὐτὸν

254 4118 386 4200 perinde
407 4139 443 4178 ac
463 4121 537 4203 ipse,
562 4119 615 4202 qui
639 4120 682 4180 sic
704 4129 855 4201 quattuor
878 4139 989 4180 uxores
1018 4119 1158 4180 duxerat.
1202 4117 1349 4181 haeresim

259 4211 353 4262 vocat
374 4203 447 4284 Leo,
471 4204 517 4264 uti
539 4204 727 4266 fereGraesi
748 4203 941 4279 calentiores,
962 4201 1111 4286 quicquid
1128 4201 1218 4264 etiam
1240 4219 1349 4263 eornm

1125 4328 1139 4359 4
