2882 4894
245 347 316 425 aaa
536 327 708 442 [monis
737 324 1026 440 onsuulmcr']

239 509 409 591 ἀπόκρισιν
429 509 463 572 ἐν
484 511 546 572 τοῖν
572 506 670 588 άγύων
695 499 744 568 ὅτι
775 501 790 566 ὁ
814 503 888 578 θεὸς
906 499 964 588 την
984 507 1043 584 μὲν
1064 506 1174 590 ψαχην
1193 529 1252 572 σου
1271 506 1331 573 σώ.

239 611 286 686 ζει
305 603 472 689 δεξάμενος
487 605 544 690 τήν
558 604 729 688 μετάνοιάν
743 626 812 684 σου,
834 603 889 685 τῆς
911 604 946 666 δὲ
967 603 1128 689 παρούσης
1149 607 1231 690 ζωῆς
1250 607 1327 686 μετά

236 709 353 790 πολλῆς
374 708 516 786 θλίψεως
538 703 591 768 κατ’
613 702 768 768 κινδύνων
781 704 958 776 ἐκνιάιτοις·
980 695 1060 785 άπερ
1081 703 1220 781 α’κούσας
1236 709 1329 770 Mav-

236 808 335 888 ρύκιος
357 807 392 870 ἐκ
411 807 518 886 ψυχῆς
540 804 754 888 ηύχαρύστησε
777 803 820 890 τηῖ
841 803 914 889 θεῷ.
936 802 1146 867 κατεσκεύασε
1160 806 1195 868 δὲ
1208 808 1330 885 στέμμα

235 905 341 989 Σοφία
359 902 378 987 ἢ
398 904 455 968 τού
473 900 642 968 'rorantes
665 897 742 984 χονὴ
767 898 821 964 κατ’
843 903 1072 966 Κωνσταντίνα
1093 901 1172 986 γονή
1193 907 1351 988 Mamur

234 1007 304 1068 κύσα
324 1004 369 1088 τῷ
387 1005 517 1084 βασιλεῖ
538 998 702 1086 ύσερφυὲς
729 996 783 1062 καί
802 997 997 1082 ύπέρτιμον·
1041 1000 1058 1064 ὁ
1083 1003 1119 1066 δὲ
1138 1005 1233 1066 τοῦτο
1251 1007 1329 1068 θνα·

234 1098 368 1184 σάμτνσς
382 1100 435 1164 κατ’
446 1097 619 1180 θαομάσας
640 1101 676 1185 τῇ
690 1099 774 1184 αύτῇ
793 1097 895 1187 ἡμέρη
916 1098 974 1162 τού
984 1093 1076 1182 άχίοο
1089 1096 1209 1184 πάσχα
1232 1103 1329 1166 cinei.

236 1200 304 1268 θτύν
325 1203 360 1266 ἐν
380 1204 420 1287 τῇ
441 1202 587 1285 ἐκκλησία
607 1198 696 1269 τοῦτο
718 1197 852 1282 ἀνέθηκε
871 1198 914 1284 rqi
932 1199 1007 1284 θεῷ.

321 1296 593 1382 Τούμετωιάροο
613 1299 649 1363 δὲ
671 1295 911 1378 καταλαβόντος,
933 1299 1057 1364 καὶτοῦ
1076 1301 1233 1380 βασιλέως
1251 1299 1328 1386 ypsi.

232 1412 352 1480 ψαντος
377 1400 492 1486 Πέτρην
511 1401 554 1486 aqi
573 1399 735 1482 στρατηγῷ
754 1394 997 1479 παραχειμάσαι
1022 1395 1103 1476 μετὰ
1125 1401 1187 1462 τῶν
1207 1402 1328 1482 ταγμά-
1338 1415 1366 1467 10

189 1515 296 1586 Ι.τω’ν
330 1497 363 1564 ἒν
392 1489 432 1584 τῇ
458 1501 523 1563 τῶν
550 1493 701 1578 Σκλάβων
731 1494 830 1582 χάρη,
854 1497 997 1560 α’ντεῖιιεν
1029 1493 1162 1574 ύλαύςη
1205 1494 1282 1564 ὅθεν
1301 1498 1329 1564 οἱ

232 1593 382 1681 ἄρχοντες
400 1601 446 1672 εἰς
465 1594 499 1660 ἓν
520 1593 560 1660 τά
581 1596 689 1678 πλήθη
711 1591 1184 1680 σοναγαγύντεςαροβάλλονται
1204 1599 1250 1672 εἰς
1270 1603 1329 1678 βα·

232 1699 323 1763 calin
343 1699 460 1762 Φωκάν
480 1693 535 1762 τὸν
556 1691 759 1778 στρατιώτην.
816 1691 873 1757 τού
896 1696 932 1758 δὲ
954 1697 1084 1778 Πέτρον
1110 1697 1165 1760 κατ’
1181 1697 1245 1760 τῶν
1266 1703 1329 1760 λοι.

232 1801 300 1861 nair
328 1794 493 1880 α’ρχύντων
527 1795 572 1870 εἰς
599 1790 658 1876 τήν
687 1792 779 1858 πάλιν
811 1797 1073 1878 παραγενομένων
1096 1797 1151 1860 καί
1168 1799 1264 1860 τοῦτο
1287 1797 1329 1884 rqi

231 1902 362 1984 βασιλεῖ
378 1895 549 1978 εἰπόντων,
572 1895 757 1980 Μαορύκιος
784 1890 820 1956 τὸ
843 1900 911 1956 κατ’
935 1893 1034 1958 usitari
1054 1901 1148 1976 μῖσος
1168 1897 1227 1960 τού
1248 1899 1386 1960 luorill.

230 1993 335 2072 εἰδούς,
357 1991 514 2078 μεσούσης
534 1997 588 2077 τῆς
608 1990 728 2072 νυκτός,
747 1988 804 2076 τήν
822 1993 990 2076 βασιλικὴν
1014 1995 1134 2077 ἐσθῆτα
1159 1991 1328 2061 droconi-

230 2119 321 2177 μενος
342 2095 489 2177 εἰσῆλθεν
510 2095 557 2168 εἰς
577 2091 724 2176 ύρύμωνα
748 2092 808 2156 σύν
828 2095 867 2178 τῇ
889 2093 1017 2174 γυναικὶ
1034 2093 1089 2156 καί
1107 2100 1172 2168 τοῖς
1193 2096 1327 2175 τέκνοις,

160 2189 164 2192 ’
231 2193 360 2279 φεύγων
391 2191 448 2276 τήν
470 2192 684 2256 ἐπανάστασιν
717 2194 773 2254 τοῦ
801 2192 890 2276 λαοῦ.
944 2191 1000 2255 καί
1017 2189 1096 2272 μετά
1118 2193 1263 2262 κινύύνον
1284 2199 1328 2269 εἰς

229 2291 283 2357 τύν
303 2289 393 2375 οῗχιον
413 2283 601 2372 Λύτύνομον
629 2292 817 2369 διασωθείς,
837 2289 1028 2374 βουλόμενος
1058 2289 1104 2366 εἴς
1122 2315 1152 2356 τι
1173 2292 1328 2380 φρούριον

230 2393 349 2475 ὀχυρὸν
379 2399 589 2476 καταφυγεῖν,
613 2388 671 2454 ούκ
699 2387 848 2471 ἴσχυσεν·
900 2383 1020 2474 ἀἴφνης
1047 2388 1108 2476 γάρ
1131 2393 1325 2459 ἐπιτίθενται
1334 2405 1364 2458 20

233 2493 319 2580 αύτῷ
346 2490 559 2576 σφοδρότατον
594 2485 685 2554 πόνοι
713 2490 915 2572 α’ρθρίτιύος,
950 2483 1030 2554 οῗστε
1062 2493 1189 2555 κεῖσθαι
1229 2491 1327 2558 αύτύν

235 2589 470 2672 ἀμετακίνητον.
526 2587 544 2652 o‘
580 2589 615 2654 δὲ
638 2589 753 2662 Φωκάς
783 2583 843 2650 eiad
878 2588 934 2651 τοῦ
952 2589 1043 2652 Ιλαοῦ
1073 2591 1129 2652 καί
1146 2592 1203 2654 sori
1224 2591 1326 2673 δήμου

233 2690 297 2754 ταῖν
316 2693 477 2773 κρατύνων
497 2685 624 2772 δεχθεὶς
644 2689 790 2770 εἰσῆλθεν
810 2687 856 2762 εἰς
873 2683 929 2768 τὴν
949 2683 1042 2752 πόλιν
1062 2686 1118 2751 καὶ
1137 2690 1183 2764 εἷς
1202 2687 1242 2754 τά
1265 2693 1326 2772 βα-

233 2948 281 2982 rex
298 2929 440 2982 somnium.
476 2929 525 2982 illo
544 2946 619 2982 vero:
641 2927 721 2991 “ern''
734 2927 834 2998 inquit,
852 2935 902 2981 “ut
920 2928 1011 2984 littera
1029 2929 1080 2983 deo
1093 2946 1149 2983 non
1166 2930 1254 3000 deest,
1276 2932 1325 2986 do·

232 3003 313 3062 minc,
333 3001 355 3050 si
373 2997 435 3050 dare
456 3001 516 3053 vult
543 3001 625 3052 alicui
646 2999 780 3067 regnum.”
823 3001 949 3052 celeriter
972 3017 1036 3054 vcro
1054 3003 1241 3070 magistrianus
1258 3007 1324 3065 mis-

235 3091 280 3124 sus
300 3089 315 3122 e
333 3070 414 3122 sacris
435 3071 540 3134 rettulit
565 3073 737 3140 responsum
757 3069 836 3122 deum
859 3075 1024 3124 servaturum
1044 3089 1101 3124 esse
1118 3075 1178 3126 eius
1195 3075 1326 3138 animum,

233 3148 342 3213 accepta
361 3142 548 3210 poenitentia,
567 3159 599 3194 ex
620 3142 675 3193 vita
697 3143 834 3212 praesenti
853 3151 943 3194 autem
967 3160 1062 3213 magna
1080 3138 1188 3196 miseria
1206 3154 1234 3197 et
1251 3148 1325 3214 peri-

232 3215 300 3265 culis
319 3229 380 3264 euna
399 3228 575 3281 egressurum.
618 3211 716 3282 quibus
740 3210 839 3264 auditis
857 3213 1003 3268 Mauricius
1029 3215 1075 3285 pio
1094 3215 1184 3266 animo
1202 3216 1324 3272 celebra-

232 3287 272 3336 vit
291 3284 380 3336 deum.
426 3291 589 3355 paraverunt
615 3291 705 3334 autem
730 3282 833 3352 Sophia
860 3283 957 3336 lustini
984 3303 1070 3348 uxor,
1096 3293 1125 3338 et
1145 3286 1323 3340 Constantina

232 3355 357 3424 Mauricii
378 3373 455 3417 uxor,
473 3356 527 3423 regi
543 3371 714 3425 permagnam
733 3362 762 3406 et
780 3355 1070 3422 magnificentissimam
1088 3372 1224 3422 coronam,
1243 3375 1342 3427 quam·

234 3443 280 3478 rex
298 3443 381 3497 quum
409 3425 520 3479 vidisset
539 3434 567 3478 et
586 3424 731 3476 admiratus
749 3424 950 3496 essetpeodem
968 3427 1054 3480 sancti
1072 3426 1210 3500 paschatis
1231 3427 1276 3482 die
1295 3431 1325 3482 iu

234 3497 371 3550 ecclesiam
390 3497 494 3560 abiens,
512 3495 563 3548 deo
583 3496 704 3548 sacravit.

302 3571 397 3622 Bruma
414 3575 504 3620 autem
530 3566 688 3618 imminente
717 3581 800 3636 quum
818 3581 864 3617 rex
888 3565 1019 3620 scriberet
1036 3566 1071 3619 ad
1092 3569 1197 3622 Petrum
1219 3569 1325 3634 ducem,

233 3645 264 3690 nt
281 3638 437 3692 hibernaret
454 3639 571 3690 interra
589 3637 737 3699 slavorum,
755 3638 888 3690 exercitus
906 3655 962 3690 non
979 3637 1108 3691 obedivit.
1146 3658 1231 3711 quare
1248 3643 1323 3713 prin-

233 3710 315 3778 cipes,
333 3711 438 3781 populo
457 3717 559 3771 coacto,
577 3725 664 3777 regem
682 3717 883 3778 proposuerant
898 3707 1012 3761 Phocum
1030 3708 1135 3762 ducem.
1155 3729 1240 3780 quum
1262 3729 1325 3766 vero

233 3781 324 3835 Petrus
353 3791 381 3834 ct
404 3781 503 3852 reliqui
528 3778 609 3831 duces
634 3780 663 3830 in
688 3779 780 3830 urbem
801 3781 939 3832 venissent
964 3778 1046 3849 idque
1069 3783 1125 3848 regi
1143 3781 1324 3845 indicassent,

234 3850 389 3916 Mauricius,
407 3852 505 3923 populi
522 3859 615 3902 contra
635 3866 664 3900 se
684 3849 740 3902 odii
757 3850 827 3900 bene
847 3853 943 3913 aciens,
962 3849 1049 3902 media
1065 3861 1146 3904 nocte
1163 3853 1233 3904 vesti
1252 3855 1324 3922 regia

233 3921 339 3974 abiecta
357 3922 513 3978 dromonem
530 3919 687 3974 conscendit
705 3937 765 3972 cum
782 3917 894 3972 muliere
913 3929 941 3972 et
960 3921 1069 3984 liberis,
1086 3923 1192 3990 fugiens
1212 3925 1324 3977 seditio·

232 4008 294 4043 nem
311 3994 416 4062 populi.
452 4001 596 4063 postquam
626 4008 684 4042 cum
711 3991 830 4060 periculo
848 3991 883 4042 ad
900 4000 1022 4044 sanctum
1042 3994 1222 4046 Autonomum
1241 3997 1324 4058 venit,

231 4063 261 4114 in
281 4062 385 4114 firmum
401 4063 512 4133 aliquod
531 4062 671 4115 castellum
697 4060 791 4130 lugere
817 4079 873 4114 non
900 4063 1007 4132 potuit;
1036 4063 1125 4116 subito
1146 4067 1220 4116 enim
1240 4065 1323 4119 vehe-

232 4133 414 4192 mentissimae
430 4132 585 4196 ,arthritides
612 4131 858 4195 comminuerunt,
885 4142 916 4184 ut
935 4133 1036 4186 iaceret
1053 4135 1186 4186 immotus.
1224 4137 1324 4188 Phocas

233 4213 323 4256 autem
341 4221 357 4256 a
374 4204 478 4276 populo
497 4211 526 4256 ct
541 4203 712 4274 prasinorum
731 4203 850 4256 sectione
869 4213 994 4274 acceptus
1017 4205 1048 4258 in
1066 4205 1160 4258 urbem
1178 4214 1208 4260 et
1225 4208 1323 4277 regiam
