2882 4894
349 291 351 294 .
420 237 791 308 cunououutrfflt.
1070 235 1141 306 153

74 393 267 478 ὀκοταστασιλρ
286 388 343 454 καί
362 395 545 474 συμφοραῖς
576 393 667 476 ἕτερα
687 387 741 476 ἔτη
762 388 860 456 εἴκοσι
884 387 973 468 ἓατό,
996 389 1039 466 (ὃς
1061 383 1144 457 εἶναι

72 495 117 577 τήν
128 487 327 575 ὀτακρότησιν
339 487 394 572 τὴν
409 483 537 554 ἅπασαν
548 491 748 573 εότυχοῦσαυ
771 488 826 555 κατ’
844 491 1067 574 δυστυχοῦσαν
1088 487 1144 577 ἔτη

73 591 219 679 τριακόσια
237 583 449 672 τριακοντόεξ.

142 681 239 764 Οὗτος
260 691 293 766 ἐξ
310 686 445 770 Ἰσμαήλ
457 683 615 773 κατήγετο,
633 686 708 753 υἱοί
722 688 880 772 Ἀβραάμ.
922 693 1063 772 Νίζαρος
1081 685 1144 772 γόρ

56 787 86 854 ti
107 791 158 854 τοῦ
182 789 312 872 Ἰσμαὴλ
344 785 496 870 ἀπόγονος
524 791 618 874 γεννᾷ
651 785 741 871 υἷοός
763 787 838 872 δύο,
868 785 1063 870 Μοόνόαρον
1092 785 1147 852 καί

73 889 216 973 Ἀραβίαν.
274 889 308 950 ἐκ
340 887 461 952 τοότιον
492 888 603 950 πολλοί
623 888 763 968 ἐγένοντο
792 891 847 951 καί
866 880 966 974 ᾤκουν
987 885 1045 970 τὴν
1064 891 1147 952 Μα-

75 989 190 1052 όιανῖτιν
217 983 359 1072 ἔρημον,
387 983 662 1074 ἒπραγματεόοντο
692 987 728 1050 tt
743 1037 746 1044 .
760 989 814 1050 κατ’
840 988 874 1051 ἐν
901 994 966 1062 τοῖς
992 983 1147 1068 καμήλοις

74 1088 172 1150 αότοῖν.
193 1084 316 1172 ὀιπόρου
338 1083 441 1150 δὲκαὶ
461 1085 607 1172 ὀρφανοό
627 1077 713 1160 ὄντος
729 1086 788 1150 τοῦ
797 1089 1022 1171 προειρημένου
1038 1081 1147 1150 Μεσό-

73 1192 134 1268 μεθ,
153 1188 280 1271 εἰσῆλθε
299 1185 379 1270 πρός
392 1210 462 1251 τινα
483 1193 616 1269 γυναῖκα
631 1190 785 1251 πλουσίοιν
803 1191 936 1272 συγγενῆ
957 1182 1055 1251 αότοῦ
1076 1183 1148 1250 ὀνό-

46 1287 327 1368 tonstrinarum,
354 1287 486 1368 μίσθιος
499 1287 560 1350 ,ἐπί
580 1286 622 1372 τῷ
642 1285 831 1372 καμηλεόειυ
852 1285 907 1351 καί
926 1286 1149 1370 πραγματεία-

74 1391 148 1451 οθαι.
187 1391 257 1450 κατ’
278 1384 383 1468 ὀλίγον
403 1388 438 1450 δὲ
458 1384 755 1468 παρρησιασόμενος
771 1383 945 1470 ὑπεισῆλθε
957 1389 995 1472 τῇ
1014 1385 1149 1470 γυναικί,

74 1487 120 1548 καί
135 1483 245 1570 ἔγημεν
270 1485 394 1569 αότήν,
421 1482 475 1548 καί
500 1482 576 1568 ἔσχε
606 1483 662 1559 τὰς
691 1483 851 1568 καμήλους
884 1485 984 1570 αότῆς
1012 1485 1066 1549 καί
1093 1490 1151 1571 τὴν

74 1579 202 1668 όααρξιν.
243 1583 414 1670 ἐρχόμενος
441 1586 477 1648 δὲ
510 1586 544 1649 ἐν
572 1583 772 1672 Παλαιστίνῃ
798 1571 1067 1671 συνονεστρίφετο
1096 1591 1153 1652 καί

75 1686 271 1767 Χριστιανοῖς,
292 1679 478 1767 θηρώμενος
499 1686 575 1769 παρ’
598 1678 705 1747 αόταῖν
731 1681 800 1748 τινὰ
821 1683 974 1770 γραφικό.
1018 1682 1093 1769 ἔσχε
1114 1688 1152 1752 tl

45 1781 102 1846 lim'
118 1785 214 1858 πόθος
234 1787 292 1868 τῆς
312 1785 498 1869 ἐπιληψίας·
519 1784 575 1847 καί
594 1785 684 1848 τοῦτο
704 1784 845 1867 νοήσασα
866 1783 886 1868 ἡ
907 1783 985 1867 γυνή
1006 1784 1152 1848 ἐλυπεῖτο

75 1880 185 1968 σφόδρα
205 1878 254 1948 ότι
273 1880 404 1970 τοιούτῳ
419 1884 570 1969 σννὴφθη
580 1932 590 1965 ,
612 1883 650 1946 σό
670 1882 768 1966 μόνον
782 1884 892 1972 ὀπόριγ
914 1882 995 1948 ὀλλόι
1015 1885 1070 1949 καί
1083 1886 1157 1948 ἐττει

77 1986 197 2072 λιμεικρῖ
218 1976 297 2048 ὄντι.
339 1987 511 2067 τροποόται
533 1984 569 2048 δὲ
595 1982 690 2058 αὐτὸς
711 1988 911 2066 θεραπεῦσαι
931 1983 1043 2069 αότήν,
1066 1979 1152 2050 οότω

75 2085 165 2164 λόγον,
187 2079 234 2148 ότι
256 2083 408 2147 ὀπτασίαν
441 2082 575 2166 ὀγγὲλου
595 2085 711 2165 θεωραῖ
732 2083 899 2166 λεγομένου
919 2087 951 2148 Γ
949 2082 1076 2168 αβριήλ,
1098 2083 1155 2148 καί
1247 2145 1248 2150 ,

75 2179 111 2264 μή
130 2181 293 2268 ὑποφέρων
325 2180 384 2265 τὴν
405 2186 487 2246 θέαν
509 2183 606 2247 atro&
627 2184 968 2248 sustenementum.
1011 2179 1093 2266 αότη
1115 2185 1152 2248 ὀὲ

43 2280 193 2364 λλμοναχόν
214 2305 305 2364 τινα,
327 2279 382 2346 cisti
411 2269 614 2356 κακοπιστίαν
642 2269 805 2366 ἐξόριστον
822 2282 932 2368 ἐκεῖσε,
953 2272 1030 2346 όντα
1053 2305 1151 2364 προσ-

75 2381 140 2462 φιλῆ
165 2381 262 2468 αὐτῆς
289 2384 521 2463 μετεκαλέσατο
554 2384 611 2445 καί
637 2377 816 2466 ἀνήγγειλεν
847 2383 934 2470 αότρῖ
961 2382 1065 2445 πάντα
1095 2383 1153 2446 καὶ

75 2476 103 2540 τό
129 2472 225 2564 ὄνομα
254 2485 311 2546 τοῦ
340 2483 492 2566 α’γγὲλου·
545 2480 685 2559 κάκεῖνος
712 2479 897 2566 συμβουλὴν
924 2478 942 2545 ὀ
971 2477 1152 2566 κατάρατος

132 2674 156 2726 5.
173 2675 333 2747 Μοόόαρον
351 2677 401 2730 καὶ
414 2673 526 2747 ‘Pollius‘
542 2674 687 2729 Ccclrenue.

78 2839 103 2884 ut
116 2835 227 2904 vigerent
243 2837 359 2908 imperio
378 2837 431 2890 309
450 2855 545 2904 anuos,
563 2845 665 2891 mutata
682 2845 773 2892 antem
791 2839 901 2892 fortuna
918 2838 1018 2892 turbati
1036 2845 1064 2890 et
1080 2837 1151 2890 male

78 2921 121 2956 reu
136 2917 254 2976 gerentes
265 2909 298 2962 27
320 2925 405 2961 annos
423 2911 463 2962 ita
482 2919 514 2962 ut
530 2919 619 2963 toturn
631 2912 774 2981 imperium
795 2909 945 2965 secundum
963 2919 992 2963 et
1010 2909 1151 2964 adversum

77 2985 135 3027 esset
152 2995 281 3031 annorum
301 2979 362 3033 336.

132 3049 178 3101 llic
197 3050 230 3102 ab
245 3053 343 3103 ismael
363 3049 511 3115 descendit,
529 3051 587 3102 lilio
607 3050 762 3103 Abrahami.
798 3052 909 3104 Nizarur
929 3052 1010 3114 enim,
1029 3066 1098 3102 unus
1116 3049 1151 3099 de

76 3115 157 3170 lsmrel
175 3122 301 3189 posteris,
319 3121 388 3174 duos
410 3122 481 3173 tilios
503 3123 662 3190 procreavit,
675 3122 836 3174 Mundarum
856 3131 885 3174 et
902 3121 1035 3175 Arabiam.
1058 3137 1091 3170 ex
1107 3119 1151 3171 his

77 3189 141 3240 multi
160 3194 214 3243 uati
240 3201 305 3244 aunt
332 3193 409 3264 iique
435 3192 595 3245 habitabant
613 3194 642 3244 in
675 3194 776 3246 diserto
794 3193 922 3246 Madiauo
940 3201 969 3244 et
987 3192 1151 3244 camelorum

78 3271 121 3322 ope
133 3271 301 3314 mercaturam
321 3263 465 3316 faciebant.
503 3267 582 3333 Inops
600 3272 689 3316 autem
709 3273 736 3317 et
754 3264 865 3316 orbatus
884 3281 966 3334 quum
985 3270 1055 3314 esset
1072 3261 1150 3311 Moa-

77 3329 147 3392 meti,
166 3333 265 3404 dequo
280 3333 345 3398 dixi,
364 3333 432 3386 adiit
445 3335 583 3387 mulierem
603 3335 736 3405 quandam
752 3335 863 3388 divitem
881 3341 1019 3402 cognatam
1038 3331 1150 3384 nomine

14 3401 16 3408 ’
77 3397 219 3469 chadigam,
239 3413 270 3456 ut
294 3406 410 3456 camelos
431 3414 554 3474 posceret
574 3422 659 3475 eaque
684 3423 712 3458 ro
733 3407 837 3457 lucrum
864 3406 974 3458 faceret.
1018 3401 1149 3454 Paulatim

77 3476 155 3521 autem
170 3475 296 3528 liberiore
317 3477 374 3527 eius
398 3477 594 3528 cousuetudine
613 3485 700 3541 utens,
724 3494 752 3528 se
773 3477 930 3544 ingratiam
950 3479 1007 3528 eins
1026 3473 1150 3525 iusinua-

77 3539 119 3601 vit,
136 3559 290 3616 uxoremque
316 3547 384 3598 odeo
413 3562 471 3598 enm
500 3547 577 3599 duxit
597 3548 709 3618 eiusque
728 3548 845 3600 camelos
871 3555 898 3599 et
916 3565 969 3598 rem
988 3545 1148 3598 familiarem

77 3605 168 3664 habuit.
207 3618 344 3686 profectus
363 3633 443 3687 porro
461 3619 491 3670 iu
510 3619 686 3671 Palaestinam
711 3618 784 3672 inter
800 3618 915 3670 Iudaeos
935 3627 963 3669 et
981 3616 1149 3668 Christianos

77 3691 180 3736 versatus
199 3697 247 3750 est,
267 3689 403 3758 accipiens
421 3705 454 3740 ex
479 3689 511 3740 iis
536 3689 668 3758 quaedam
694 3689 728 3740 de
753 3691 832 3741 sacris
859 3689 964 3740 litteris.
1007 3685 1152 3738 laborabat

77 3758 155 3804 arctam
178 3759 267 3811 morbo
298 3759 442 3824 comitiali;
468 3760 542 3828 quod
562 3777 643 3830 quum
670 3763 845 3829 comperisset
860 3759 957 3810 mulier
975 3757 1151 3810 vehementer

16 3891 19 3900 Ι
77 3819 163 3902 doluit,
180 3828 249 3896 quod
270 3831 320 3880 tali
339 3829 442 3880 homini
461 3832 596 3900 nupsisset
614 3847 670 3882 non
689 3831 770 3882 modo
790 3847 875 3898 egeno
898 3828 945 3880 sed
964 3830 1044 3896 etiam
1064 3827 1150 3880 comi-

78 3892 140 3944 trali.
170 3915 246 3966 quarn
263 3899 402 3966 demulsit,
423 3901 514 3953 dicens
531 3901 624 3952 videre
642 3918 671 3952 se
689 3903 779 3970 angeli
798 3900 918 3953 Gabrieli
938 3900 1053 3968 speciem
1076 3901 1151 3950 eius.
1219 3911 1222 3920 ·

78 3977 125 4029 que
143 3979 268 4034 aspectum
287 3989 343 4024 non
365 3973 495 4024 serentem
516 3973 648 4040 vertigine
667 3981 819 4042 correptum
839 3970 968 4023 cecidere.
1007 3971 1073 4022 llaec
1090 3987 1150 4021 mo-

77 4034 180 4088 nachum
196 4042 328 4109 quendam
356 4051 466 4112 propter
486 4043 579 4095 salsam
605 4043 685 4094 fidem
704 4045 770 4095 illuc
789 4045 937 4110 relegatum
956 4043 1062 4112 ipsique
1080 4042 1150 4092 ami·

78 4117 131 4160 cum
147 4112 274 4169 arcessivit
298 4122 328 4170 et
348 4115 437 4174 omnia
466 4131 526 4170 cum
543 4114 654 4173 nemius
673 4115 762 4188 angeli
783 4115 810 4172 ei
827 4113 953 4171 narravit.
990 4121 1072 4188 atque
1090 4113 1149 4176 ille,
