2834 4898
415 275 790 350 cunouoontefflt.
1085 280 1161 356 263

84 431 171 496 ἐκεῖσε
193 431 249 494 καὶ
268 429 332 494 τῶν
351 427 501 518 testante
523 433 631 516 ου’τοῦ,
653 424 769 517 ήγαγον
786 431 832 508 εἰς
852 431 928 509 rota
949 432 1058 518 ἁγίους
1078 436 1163 500 ἄπο-

84 527 202 602 οεόλοος
221 530 278 592 καί
306 521 458 594 ἀπέθεντο
491 531 524 594 έν
550 531 692 614 λάρνακι.
743 529 823 614 μετά
854 533 1009 598 τοῦτοδὲ
1031 530 1048 596 6
1069 539 1163 618 βασι-

33 665 41 706 p
84 625 145 703 λιδς
165 628 349 694 ἀπέστειλεν
369 628 523 713 Ἀνδρέαν
554 631 737 711 δομέοτικον
765 633 826 696 τάν
855 637 978 713 σχολοῖν
1010 631 1163 716 άμα.’ἱω.

83 730 147 814 άννη
163 726 359 814 Ἀγεοπολέτη
395 726 568 818 σοφωτάτῳ
590 731 644 793 καί
669 727 809 812 γεγονότι
831 734 980 820 λογοθέτη
1001 737 1059 799 τοῦ
1083 736 1162 818 δρό-

65 838 149 908 5μου·
191 831 248 892 καί
277 829 311 892 έν
337 830 379 914 τῷ
401 821 525 910 άμβωνι
558 833 613 912 τής
634 831 798 914 ἐκκλησίας
825 830 1007 910 ἀνελθόντες
1029 837 1085 900 καί
1105 833 1164 912 τάς

82 929 130 992 τοῦ
150 925 351 1010 πατριάρχου
367 928 495 992 Φωτιάυ
517 930 621 1003 αι’τιάς
642 929 866 1012 ε’παναγνόντες
880 935 989 996 τοῦτον
1005 935 1063 996 τοῦ
1083 928 1163 1019 θρό-

81 1049 128 1092 νου
147 1027 335 1111 κατήγαγον,
348 1029 403 1092 καί
422 1025 576 1112 ἀνήγαγον
596 1026 695 1092 αὐτὸν
716 1033 749 1094 έν
763 1031 800 1116 τῇ
817 1031 898 1116 μονή
913 1035 976 1096 τοόν
996 1033 1163 1114 Ἀρμενια-

81 1129 132 1190 νάν
146 1130 189 1214 τῇ
208 1130 357 1215 λεγομένη
375 1131 433 1192 τοῦ
448 1126 587 1214 Βόρδου.
629 1127 820 1212 προεβάλετο
838 1131 873 1194 δὲ
894 1127 911 1194 6
932 1131 1085 1213 βασιλεδς
1106 1130 1163 1197 τάν

81 1224 241 1292 Στυλιανόν
266 1226 451 1306 Τζαοάτζαν
475 1228 649 1310 μάγιοτρον
678 1227 734 1293 καί
754 1232 923 1312 λογοθέτην
942 1231 999 1294 τοῦ
1022 1227 1163 1315 δρόμου·

51 1322 222 1409 λθάνήγαγεν
250 1327 287 1392 δὲ
316 1329 479 1414 Στέφανον
510 1331 608 1392 acret
630 1325 770 1414 α’δελφδν
799 1331 834 1394 ἐν
862 1329 904 1415 τῷ
934 1333 1193 1419 πατριαρχει’ῳ,ο

80 1429 126 1488 καί
141 1426 201 1508 πρὸ
225 1429 289 1491 τῶν
308 1428 456 1510 Χριστοῦ
475 1429 593 1510 γένναν
621 1435 849 1512 χειροτονεῖται
878 1425 1078 1513 πατριάρχης
1098 1427 1161 1493 tut

82 1523 254 1610 Θεοφάνους
275 1529 332 1590 τοῦ
352 1526 580 1612 πρωτοθράνον
604 1527 660 1590 καί
682 1530 798 1590 λοιποῑν
822 1526 1007 1612 ἀρχιερέων,
1027 1524 1163 1609 ποιήσας

80 1628 108 1689 ἐν
125 1630 169 1714 τῷ
188 1630 404 1717 ποτριαρχειλρ
434 1624 489 1712 ἔτη
516 1629 549 1704 ’ἐξ
568 1628 625 1690 καί
644 1628 748 1711 μήνας
777 1629 877 1712 πέντε,
896 1625 952 1692 καί
971 1627 1162 1709 τελευτήσας

80 1727 221 1788 θάπτεται
246 1725 279 1790 ἐν
300 1727 340 1812 τή
358 1727 442 1812 μονῇ
460 1725 524 1790 ταῖν
546 1728 710 1790 Σικέλλων.

51 1830 75 1884 to
149 1823 217 1890 ’lini
238 1827 378 1898 Λέοντος
406 1823 568 1908 προεδόθη
598 1823 631 1887 τό
656 1819 791 1907 κάστρον
819 1822 839 1908 ή
860 1827 1012 1909 λεγομένη
1031 1821 1162 1910 Ὑψηλή,

80 1923 126 1989 καὶ
144 1925 304 2010 ἐκρατήθη
316 1922 377 1988 6116
396 1929 458 1990 τοῖν
477 1925 670 2008 Ἆγαρηνοῖν,
694 1927 1018 2008 αἰχμαλωτισθέντων
1039 1922 1163 1997 πάντων

79 2025 135 2088 τοῖν
153 2025 262 2093 ἐκεῖσε.
283 2026 390 2107 γέγονε
410 2025 445 2088 δὲ
467 2025 522 2088 καί
541 2025 727 2109 ἐμπρησμὸς
748 2025 846 2107 μέγας
867 2025 1080 2108 πλησιόν,τοῖν
1099 2027 1162 2088 Σο.

79 2126 164 2206 φυάν,
187 2121 424 2209 ἐμπρησθείσης
444 2126 499 2188 καί
518 2126 573 2209 τῆς
595 2127 759 2214 ἐκκλησίας
782 2126 841 2190 τοῦ
862 2123 954 2208 άγιόυ
981 2121 1161 2189 άποσεόλου

81 2221 183 2308 Θωμά,
203 2223 243 2307 ήν
264 2221 360 2300 ου’τδς
381 2226 477 2288 Λέων
502 2228 655 2307 λαμπροῖς
676 2225 879 2310 άνεκαένισεν.
920 2223 1101 2288 άτιὲστειλεν
1124 2225 1193 2288 δὲῦ

48 2315 94 2381 206
112 2320 258 2404 βασιλεύς
285 2325 331 2400 εἰς
350 2319 533 2408 Εὐχάϊταν,
554 2326 609 2388 καί
628 2318 743 2408 ήγαγεν
773 2321 939 2406 Θεόδωρον
960 2320 1014 2386 τὸν
1035 2322 1162 2390 Σάντα..

79 2420 207 2506 δαρηνὸν
228 2425 263 2488 ἐν
285 2425 324 2509 τῇ
343 2422 440 2488 πόλει.
480 2422 633 2506 Ἀνδρέας
652 2425 687 2488 δὲ
714 2423 733 2486 6
754 2424 938 2504 δομὲστικος
958 2423 1014 2486 καί
1033 2425 1161 2507 Στέφα-

79 2543 125 2598 νος
144 2520 160 2586 6
180 2523 352 2610 μάγιστρος
383 2522 400 2588 6
423 2525 478 2608 τής
499 2527 729 2610 Καλομαράις,
751 2520 781 2586 οὶ
802 2521 901 2586 πολλά
925 2523 1161 2606 λοιδορηθέντες

80 2797 156 2850 multa
172 2797 332 2852 honoratum
351 2802 438 2852 efferri
453 2802 539 2854 iussit.
576 2818 649 2872 pone
668 2799 852 2873 sequebantur
870 2801 927 2852 eius
940 2799 1044 2862 tratres,
1063 2799 1160 2851 luntas-

82 2884 129 2936 que
146 2869 178 2921 ad
196 2878 302 2923 sanctos
321 2873 462 2942 apostolor
480 2875 615 2941 prosecuti
642 2880 712 2935 eraut,
732 2889 883 2940 corpusque
902 2869 1007 2922 turnulo
1028 2887 1159 2938 reposue-

80 2947 144 2990 runt.
185 2942 332 3012 imperator
355 2943 525 3012 postmodum
553 2943 686 2996 Andream
715 2942 892 2993 domesticum
918 2941 1086 3003 scholarum,
1106 2959 1158 2991 uua

81 3023 133 3058 cum
149 3011 249 3065 Ioanne
266 3014 432 3084 Agiopolita‚
451 3015 509 3076 viro
528 3015 626 3065 litteris
640 3013 879 3084 praestantissimo,
899 3013 943 3080 qni
966 3013 1045 3062 etiam
1068 3029 1159 3062 cursus

81 3077 172 3148 publici
190 3083 330 3152 logotheta
347 3087 457 3150 estitit,
475 3084 629 3148 mandavit,
648 3085 695 3154 qni
713 3084 828 3135 ambone
855 3084 985 3134 ecclesiae
1000 3100 1159 3146 conscenso,

82 3151 202 3206 et'cautis
221 3157 250 3206 in
269 3155 393 3208 Photium
405 3157 583 3226 patriarcham
603 3157 692 3221 lectis,
711 3155 808 3206 throno
828 3172 887 3205 enin
902 3155 1027 3204 abdicare
1040 3153 1074 3205 'se
1095 3159 1159 3204 co'e-
1210 3203 1213 3208 .

81 3230 173 3288 gerunt,
192 3226 265 3278 etin
285 3229 507 3279 Armeniauornm
527 3229 718 3278 monasterinm
740 3224 828 3283 Borcli
852 3224 952 3275 dictum
975 3224 1158 3275 detruserunt.

81 3305 239 3360 promoverat
258 3306 349 3349 aretem
375 3300 521 3368 imperator
538 3299 688 3365 Styllannm
707 3299 829 3347 Zantznrn
846 3296 1000 3364 magistrum
1019 3304 1048 3346 et
1067 3313 1159 3346 cursus

81 3363 171 3429 publici
189 3369 367 3436 logothetam.
405 3371 513 3432 fratrem
538 3372 616 3420 etiam
636 3367 803 3438 Stephanum
822 3369 850 3417 in
868 3366 1059 3434 patriarchium
1078 3365 1160 3416 indu-

81 3433 121 3496 xit,
138 3439 181 3507 qni
199 3440 405 3491 imminentibus
418 3442 516 3492 Christi
534 3441 665 3490 natalitiis
685 3439 835 3510 patriarcha
853 3445 1023 3489 consecratur
1042 3436 1159 3488 a'lheo-

81 3504 167 3571 phane,
186 3512 288 3580 primae
306 3521 368 3581 post
386 3512 562 3581 patriarcham
579 3511 650 3562 sedis
679 3511 816 3580 episcopo,
835 3516 863 3561 et
880 3525 895 3557 a
915 3509 1028 3577 reliquis
1046 3525 1160 3578 praesn-
1188 3523 1195 3528 “
1239 3531 1243 3546 ¹

83 3573 151 3629 libus.
185 3583 308 3648 visitque
327 3582 354 3633 in
371 3583 555 3652 patriarchatu
584 3600 655 3633 anno
674 3599 720 3632 sex
740 3589 767 3631 et
784 3597 889 3632 menses
908 3581 1040 3650 quinque,
1060 3587 1088 3630 et
1105 3579 1160 3644 nita

82 3643 178 3702 tanetus
196 3653 225 3702 in
245 3653 406 3704 Sicellornm
426 3653 589 3704 monasterio
610 3653 751 3722 sepelitur.

139 3721 235 3774 Leonis
255 3731 378 3794 tempore
394 3733 508 3776 castrum
528 3734 706 3790 cognomento
725 3723 864 3774 Excelsum
882 3721 1028 3791 proditum,
1047 3728 1075 3770 et
1093 3721 1160 3772 mis·

82 3786 111 3838 rit
126 3790 152 3842 in
170 3795 355 3864 captivitatem
374 3797 472 3847 civium
494 3796 618 3864 pluribus
639 3793 674 3845 ab
698 3794 827 3862 Agarenis
848 3801 1007 3862 occupatum
1026 3800 1076 3842 est.
1095 3809 1162 3842 cou-

81 3859 135 3926 tigit
149 3862 304 3917 incendium
330 3867 426 3934 ingens
452 3868 566 3936 Sophias
594 3865 731 3936 proxime,
751 3877 805 3936 qno
831 3863 857 3915 S.
887 3863 1011 3916 Thomas
1037 3861 1161 3925 ecclesia,
1205 3909 1212 3924 ,

82 3940 151 3998 quam
170 3933 266 3987 deinde
286 3939 342 3988 Leo
361 3939 501 4008 magnifice
521 3939 664 4006 reparavit,
683 3945 838 4006 consumpta
857 3943 907 3987 est.
944 3936 1023 3986 misso
1044 3951 1107 3985 vero
1126 3933 1162 3985 ad

82 3999 199 4057 Euchaita
217 4007 316 4060 nuntio
335 4009 509 4062 Theodoram
530 4009 744 4061 santabarenum
765 4008 794 4058 in
813 4007 905 4056 urbem
924 4006 1029 4057 vocavit
1047 4006 1162 4074 impera·

83 4076 125 4121 tor.
156 4075 273 4130 Andreas
292 4087 383 4132 autem
403 4081 567 4132 domesticus
588 4091 617 4132 et
634 4077 787 4148 Stephanus
805 4078 931 4144 magister
951 4075 1040 4127 llorrae
1060 4077 1162 4128 Mariae

84 4140 386 4209 filius,aSentabareno
416 4153 593 4206 contumeliae
620 4149 757 4224 quondam
783 4152 870 4219 passi,
889 4149 997 4201 inlidiae
1016 4147 1115 4224 deiude
1134 4149 1163 4198 in
