2838 4902
228 329 283 396 οε
300 321 608 394 messanenses
627 327 655 390 a
675 324 834 390 mrrurs
853 323 998 392 cerus.
1075 279 1164 388 ονε

55 471 243 560 φθάσαντες
263 475 416 560 ἐνέβησαν
431 468 549 550 αὖτοὺς
564 465 670 552 ὅρκοις
687 474 733 552 είς
754 473 861 538 πίστιν
880 476 925 560 τῷ
944 495 979 538 τε
994 471 1153 556 Massurii.

54 573 114 640 καί
133 573 178 663 sq'i
191 575 406 663 διαδεξαμένου
422 569 522 643 αὐτὸν
539 569 599 662 υἱῷ
614 571 755 662 Ἀλεξίιμ
774 564 862 658 ἤχθη
879 575 916 638 δὲ
935 574 991 637 καί
1010 569 1089 653 πρὸς
1101 572 1155 638 τὸν

54 673 143 758 ῥῆγα
162 677 307 749 Σικελίας
328 668 344 736 ὃ
363 673 505 748 τοιοῦτος
527 668 663 747 ιιλαστὸς
682 672 844 754 βασιλευς.
886 674 942 737 καί
962 669 980 735 a‘
1002 673 1064 752 μέν
1087 674 1154 735 Κο-

52 771 176 856 μνηνός
190 765 342 854 Ἀλέξιος,
364 770 382 836 ὅ
405 769 461 838 τὸν
477 773 605 838 Σικελὸν
626 773 785 860 ἐρεθίσας,
805 760 919 857 ἤλεγχε
939 767 996 834 τόν
1015 767 1155 854 α’γροιιό.

27 887 116 954 §squ
134 873 246 938 τοῦτον
274 874 391 958 παῖδα,
420 875 475 937 ναί
497 873 533 936 δὲ
564 873 619 936 καί
641 866 672 934 οἱ
692 867 753 936 οὖν
783 864 888 960 edrai·
930 867 960 935 oi
981 871 1017 936 di
1037 871 1154 936 ἐκτῶν

52 972 165 1036 ἐθνῶν
182 970 386 1054 ἐβεβαιοῦντο
408 964 447 1036 ed
480 963 526 1036 irs
545 967 635 1054 μάλα
659 967 716 1034 καί
734 968 1008 1054 ἆυηκριβωμένωα
1023 971 1154 1035 ἐπίστα-

51 1073 140 1138 σθαι
162 1067 260 1135 airis
286 1071 405 1136 ἐκεῖνον
437 1064 518 1136 εἶναι
538 1067 595 1135 τὸν
615 1072 716 1135 παῖδα
742 1071 798 1134 τοῦ
820 1067 990 1154 Μανουήλ,
1011 1068 1091 1154 ὑπὲρ
1115 1059 1155 1133 ori

51 1171 115 1234 καί
138 1165 373 1236 ἀποθανεῖσθαι
396 1168 526 1246 αὐτούς.
581 1171 670 1246 τέλος
699 1171 735 1236 di
766 1167 783 1233 ὅ
810 1171 869 1252 μέν
888 1167 1033 1248 Σικελός,
1053 1171 1085 1234 εἰ
1101 1164 1157 1232 καί

51 1269 201 1351 ἐπέγνω,
223 1270 321 1355 φασί,
351 1267 388 1335 τὸ
416 1273 551 1356 α’ληθές,
577 1259 661 1349 ’ὅμως
682 1263 856 1354 πεισμονὴν
890 1268 976 1334 ἰδίαν
997 1263 1080 1351 ἔχων
1102 1265 1158 1332 καί

11 1371 119 1434 10τοῦ
147 1364 265 1453 θρόνου
294 1367 659 1444 Κωνσταντινουαόλιως
694 1370 879 1456 ἐφιέμενος,
907 1366 938 1432 οἱ
969 1369 1005 1434 δέ
1034 1364 1158 1433 ἐθνικοί

47 1469 203 1544 Ἀλεξίου
218 1470 373 1549 βασιλέως
393 1467 524 1535 εἴδωλον
554 1465 617 1553 πρὸ
639 1471 693 1554 τῆς
715 1472 893 1554 φαντασίας
912 1469 1064 1554 φέροντες
1086 1465 1156 1552 (τὸν

48 1565 118 1652 γὰρ
149 1568 331 1651 δηλωθένια
355 1571 455 1634 παῖδα
476 1568 496 1654 ἢ
519 1569 649 1633 Σικελίαν
667 1564 735 1650 ἔχει
768 1568 1005 1650 sustentem
1023 1569 1155 1651 θρέμμα

50 1661 141 1732 εἶναι
166 1665 280 1752 ἀγροῦ)
309 1666 364 1732 καί
396 1669 625 1752 ἐγκαταστῆσαι
652 1665 708 1750 τὴν
734 1667 913 1753 φαντασίαν
945 1668 991 1740 εἰς
1019 1666 1154 1749 βασιλέα

48 1775 123 1842 τοῖς
141 1769 405 1850 μνγαλοοολίταις
428 1767 678 1855 φρυαττόμενοι,
698 1769 860 1832 κινοῦνται
880 1771 952 1832 καθ’
966 1765 1055 1852 ἡμῶν
1067 1763 1154 1850 ertp-

10 1881 107 1932 15σει
129 1870 255 1954 πολλῷ,
284 1866 457 1934 καὶταῦτα
487 1868 634 1952 κωλύμης
656 1861 725 1933 οὔτι
746 1866 834 1949 μάλα
857 1863 901 1952 us}
922 1866 1090 1951 σταθερᾶς,
1111 1864 1154 1940 ὥς

49 1970 152 2051 ἐξῆν,
186 1968 442 2052 οίναφαινομένης
465 1969 501 2034 ἐκ
524 1970 586 2032 τῶν
605 1966 791 2052 κρειττόνων
809 1966 1023 2050 συμβούλων,
1044 1967 1103 2030 τοῦ
1121 1988 1155 2030 τε

49 2065 211 2152 ἱεράρχου
242 2069 327 2152 φασί
357 2070 414 2131 τοῦ
446 2064 527 2132 κατὰ
561 2069 707 2132 Σικελίαν
726 2064 907 2151 Πανόρμου
939 2068 994 2130 καί
1024 2067 1082 2132 sori
1100 2064 1156 2149 τῆς

48 2170 163 2231 ἐκεῖσε
183 2161 368 2252 Μεσσήνης,
390 2166 447 2231 καί
464 2163 589 2251 ἐτέρων,
612 2163 683 2231 ὅσοι
709 2164 745 2231 τὸ
768 2167 839 2231 δέον
859 2164 1036 2250 συνεώρων,
1061 2163 1157 2246 ἄγχι-

49 2269 148 2342 νοιάς
167 2287 201 2329 τε
219 2261 347 2354 στάθμῃ
373 2266 588 2351 ἐσορθοῦντες
608 2261 744 2343 deurode,-
771 2267 817 2343 είς
837 2264 1013 2350 ιιροιίραοιν
1032 2267 1092 2329 sori
1110 2261 1155 2345 μὴ

7 2362 99 2432 νοίίν
130 2367 250 2443 ἐξεῖναι
275 2363 331 2431 τὸν
349 2365 480 2432 Σικελὸν
510 2365 629 2452 κόμητα
660 2369 705 2442 τίς
726 2363 875 2448 κοσμικόν
896 2361 1157 2450 ἐγγραφήσεσθαι

49 2466 215 2548 βασιλέα,
236 2457 272 2538 ὅς
301 2487 378 2530 ποτε
397 2467 437 2554 τῇ
460 2465 794 2532 Κωνσταντινουτιόλει
820 2465 896 2545 daal}
925 2464 1080 2543 sineterra,
1100 2465 1157 2527 καί

51 2564 91 2630 τὸ
121 2563 206 2648 μηδὲ
234 2555 274 2627 al
293 2560 379 2647 ἔχειν
398 2562 492 2648 λόγου
523 2565 582 2651 τήν
603 2567 659 2651 τῆς
682 2567 789 2650 μάχης
815 2565 989 2652 πρόφασιν.
1030 2566 1061 2630 τί
1078 2564 1152 2646 γάρ,

50 2664 148 2748 εἴπερ
172 2661 189 2727 o‘
208 2661 266 2749 τὴν
286 2663 622 2732 Κωνσεαντινουιτσλιν
642 2668 760 2732 διέπων
779 2663 988 2750 ἐξαμαρτάνοι
1011 2664 1154 2751 φονεύων

133 2833 177 2884 ¹⁵·
194 2821 247 2906 ui]
268 2825 324 2902 ii?
441 2893 445 2904 ,

52 2992 163 3046 mentis
182 3009 212 3045 se
229 2992 264 3045 ad
282 2993 363 3047 fidem
377 2994 578 3048 obstrinxerant
599 2995 720 3050 Mlaueli
738 3005 766 3050 et
783 2997 877 3050 heredi
897 2997 954 3050 eius
972 2995 1078 3050 Alexio.
1098 2997 1149 3050 du-

51 3074 119 3118 etus
139 3062 221 3132 igitur
238 3073 280 3118 est
296 3067 377 3118 etiam
399 3065 433 3117 ad
451 3083 539 3134 regem
567 3068 720 3120 Siculorum
745 3069 906 3122 subditioius
927 3069 975 3119 ille
997 3069 1151 3138 imperator.

52 3153 88 3188 ac
113 3133 313 3203 redarguebant
343 3136 452 3206 quidem
470 3139 581 3204 Alenius
606 3140 768 3203 Comnenus,
786 3143 833 3211 qui
854 3135 973 3194 Siculum
994 3139 1153 3204 irritaverat,

52 3217 85 3259 et
108 3206 138 3269 ii,
160 3207 208 3276 qui
227 3221 287 3258 eum
305 3207 496 3277 sequebantur,
516 3226 629 3279 puerum
652 3211 734 3262 istum
751 3219 894 3280 agrestem
915 3209 962 3262 sed
984 3212 1031 3282 qul
1051 3228 1068 3261 e
1087 3227 1154 3278 gen·

52 3279 135 3330 tibus
155 3285 248 3342 eraut,
266 3278 385 3349 perbene
407 3289 435 3331 et
452 3289 525 3331 certo
544 3297 625 3332 nosse
648 3297 677 3332 se
695 3280 869 3342 affirmabant,
892 3282 978 3332 filiurn
998 3281 1075 3332 illum
1093 3282 1153 3332 Ma-

51 3347 153 3400 nuells
171 3363 238 3412 esse,
255 3365 305 3418 pro
325 3367 379 3420 quo
390 3352 470 3402 etiam
486 3359 600 3402 mortem
614 3354 766 3422 oppetituri
785 3361 883 3404 esseut.
921 3360 1057 3421 postremo
1077 3352 1153 3402 Siou-

51 3421 114 3480 lus,
133 3418 240 3470 etiamsi
258 3431 441 3490 perspexerat,
460 3430 491 3473 ut
503 3423 602 3486 ferunt,
622 3439 724 3487 verum,
743 3432 832 3477 tumen
850 3439 925 3473 suam
945 3422 998 3474 sibi
1015 3412 1153 3493 propriam
1256 3436 1261 3446 ’

52 3489 144 3541 fidens
163 3487 276 3553 habeus,
296 3500 325 3544 et
343 3491 405 3544 solli
423 3493 561 3562 Cpoliteni
583 3492 732 3564 eupiditate
755 3495 889 3557 incensus,
907 3493 1085 3564 provinciales
1105 3510 1154 3544 au·
1268 3542 1273 3553 ‚

52 3569 117 3620 tens
134 3561 305 3630 imperatorie
333 3562 422 3614 tleaii
449 3565 526 3634 qussi
549 3573 684 3634 spectrum
713 3565 803 3616 aalma
822 3566 908 3616 secuti
927 3564 1050 3634 (puerum
1072 3564 1153 3626 enim,

55 3631 93 3682 de
115 3647 172 3700 quo
189 3631 325 3698 diximus,
341 3634 433 3686 Sicilie
457 3643 533 3686 tenet
551 3635 664 3702 originis
682 3637 797 3688 rusticae
824 3636 988 3706 convictum)
1005 3640 1154 3705 spectrum-

55 3713 116 3768 qus
135 3701 171 3752 id'
183 3703 287 3755 civitati
306 3705 467 3774 Cpolitanne
484 3723 533 3775 pro
560 3706 725 3776 imperatore
748 3705 896 3758 obtrudere
918 3707 1074 3774 gestientes,
1091 3703 1153 3757 bel·

57 3771 121 3819 lum
148 3771 273 3826 adsersus
301 3791 350 3826 nos
379 3791 473 3844 magna
500 3777 641 3828 alacritate
666 3785 789 3840 movent,
811 3785 838 3829 et
858 3776 968 3848 quidem
989 3778 1099 3828 minimo
1118 3777 1155 3827 ita

56 3840 173 3905 acriter,
192 3852 223 3896 ut
239 3844 355 3906 licebat,
383 3863 437 3898 rens
456 3845 668 3917 impedientibus
692 3847 826 3918 primariis
846 3847 1008 3910 electoribus,
1026 3847 1156 3918 pontifice

57 3913 186 3966 Romano
203 3924 231 3966 et
249 3918 375 3987 praesule
389 3919 609 3981 Panormitsrum,
627 3919 831 3982 Messeniorum,
852 3920 921 3980 aliis,
943 3919 991 3990 qui
1007 3933 1098 3971 verum
1112 3918 1155 3969 vi-

56 3981 171 4046 derent,
191 3993 275 4056 atque
294 3997 386 4040 mente
405 3987 440 4040 ad
466 4005 586 4041 normam
608 3990 720 4043 rationis
737 3989 839 4043 directe
857 3990 1051 4060 intelligerent,
1068 3989 1155 4040 eonsi-
1174 3982 1179 3990 ’

57 4063 119 4104 tean
136 4051 277 4122 Siculum,
296 4059 344 4129 qui
373 4058 508 4130 quondam
529 4059 585 4111 dux
603 4059 699 4113 suisset
718 4061 796 4132 Cpoll
816 4060 964 4123 subiectus,
984 4077 1041 4112 non
1055 4059 1156 4111 debere

56 4122 97 4174 ad
115 4123 260 4194 imperium
286 4131 438 4200 promoueri
457 4132 627 4195 universum,
646 4147 677 4184 ac
694 4151 730 4185 ne
752 4133 850 4185 iustam
869 4131 978 4202 quidem
998 4147 1064 4193 esse,
1085 4145 1156 4200 quae

55 4194 296 4266 praetenderetur,
315 4218 421 4253 causam
440 4201 516 4254 belli.
535 4201 601 4273 quid
620 4204 723 4256 enimi»
749 4205 771 4256 si
793 4204 824 4268 ia,
843 4204 892 4275 qui
914 4203 1022 4274 cpolim
1041 4201 1156 4261 admini-
1223 4219 1226 4226 ¹
