2814 4898
401 341 773 443 cunouoousnrus'.
1059 367 1133 443 sos

54 526 181 597 οταύλου
203 527 385 611 πεποίηκεν,
406 526 558 604 ὡσαύτως
586 525 641 596 καί
663 524 822 609 Μονουήδ.
844 523 898 591 τδν
917 525 1135 608 ἐπιλεγόμενον

53 633 224 713 Κουρείκην
246 631 409 710 πατρίκιοι
430 631 484 690 καί
498 628 706 714 δρουγγύριον
726 625 782 708 τῆς
802 629 928 708 βίγλας·
970 621 1026 700 ούς
1044 647 1134 700 τινας

52 736 124 814 τρεῖς
141 729 210 804 μετ’
231 727 271 790 ού
291 724 388 790 πολύν
407 725 524 809 χρόνον
545 727 566 812 ἦ
586 729 643 792 τού
659 727 737 790 θεοῦ
759 727 866 790 δικαία
886 726 998 808 κρίσις,
1023 725 1066 800 τδς
1086 729 1133 800 είς

52 826 173 914 χριστόν
201 829 313 912 κυρίου
343 824 595 909 παροινήσαντας
623 825 679 889 καί
699 834 811 910 χεῖρας
838 824 1053 906 ἐπιβαλόντας,
1073 831 1161 908 vici)

34 929 205 1010 δβασιλείας
226 923 430 1009 ὀρεγομένους
449 929 622 1010 μετῆλθεν·
666 926 720 990 ἐπί
741 922 933 991 καδοσιύοει
952 923 1014 1008 γάρ
1033 950 1132 989 καταό

52 1031 215 1113 ληφθέντες
237 1023 384 1112 ἑκάτερος
408 1019 515 1089 αύτάν
536 1027 679 1114 οἰκτίστῳ
711 1022 840 1113 δονάτιρ
861 1023 895 1090 τά
918 1027 975 1109 ζῆν
994 1025 1133 1108 α’τεέρρη·

53 1133 106 1206 ξεν.
144 1123 183 1190 τά
208 1127 244 1190 δὲ
265 1124 341 1208 περὶ
360 1127 467 1190 αύττύν
491 1122 687 1207 πλατύτερύν
707 1147 742 1188 τε
764 1122 819 1188 καί
836 1121 1132 1207 έπεξεργαστικύτε-

52 1249 101 1312 ρον
118 1229 152 1292 έν
172 1227 212 1312 τῇ
231 1225 441 1311 προειρημένῃ
466 1222 648 1308 δπεξηγὴσει
668 1224 855 1307 ἐκθήσομαι.
897 1220 975 1304 μετά
999 1225 1034 1288 δὲ
1062 1245 1130 1286 τεσ-
1142 1235 1192 1288 125

53 1324 219 1411 ταράττοντα
242 1323 384 1408 ἡμέρας,
400 1329 440 1412 τῇ
460 1319 563 1387 είκάδι
589 1319 709 1410 ἕβδόμῃ
730 1325 788 1387 τού
806 1317 1003 1407 Ἰανουαρίου
1023 1319 1133 1406 μηνός,

23 1425 243 1500 ιθύποπτεύσας
262 1429 502 1498 Κωνσταντῑνος
519 1422 571 1489 τύν
591 1445 624 1490 τε
645 1426 780 1504 βασιλέα
790 1425 952 1508 Στέφανον
968 1425 1023 1486 καί
1034 1425 1134 1486 Κοιν-

51 1533 200 1591 οταντῖνον
232 1521 285 1588 τὸν
312 1520 454 1609 α’δελφδν
478 1523 577 1587 αύτοῦ
605 1518 651 1606 μή
672 1543 745 1586 ποτε
763 1527 831 1587 κατ’
851 1524 954 1585 αύτού
974 1522 1013 1585 τά
1036 1516 1132 1600 ύμοια

52 1624 296 1708 διαπράξωνται,
332 1622 388 1686 καί
421 1620 622 1706 λογισάμενος
655 1615 732 1705 ὅπερ
755 1613 794 1706 ἦν
824 1621 918 1702 εἰκάς,
950 1619 997 1687 δτι
1030 1624 1061 1687 εἰ
1077 1626 1136 1687 τού

51 1727 124 1790 ἰδίου
145 1726 264 1808 πατρὸς
285 1725 343 1788 ούκ
364 1725 552 1808 ἐφείσαντο,
574 1725 640 1795 πῶς
663 1723 762 1786 aurosi
783 1727 965 1809 φείσονται,Ι
986 1717 1136 1798 ἑστιάσας

52 1824 161 1901 αύτούς
190 1819 253 1909 ἤδη
281 1826 315 1888 έν
339 1827 379 1910 τῇ
401 1824 539 1908 τραπέζῃ
569 1824 821 1904 καθεζομένους,
843 1818 890 1886 ἔτι
910 1825 966 1905 τῆς
985 1822 1135 1907 βρώσεως

22 1918 138 2010 noim
152 1925 186 1988 έν
205 1925 249 2011 τῷ
268 1922 401 2004 στόματι
424 1921 549 2004 αύταῑν,
573 1916 762 2005 άνήρπασαν
781 1921 912 1996 τούτους
933 1921 967 1986 οἵ
984 1943 1020 1986 τε
1048 1921 1136 2006 λεγύ.

51 2049 128 2106 μενοι
153 2029 298 2107 Τορνίιιοι·
317 2022 372 2087 καὶ
403 2018 420 2085 ύ
445 2026 608 2106 πατρίκιος
636 2018 807 2104 Μαριανύς
839 2025 894 2086 καί
927 2020 956 2086 οἱ
980 2022 1085 2087 λοιποί
1104 2019 1133 2087 οἱ
1142 2034 1169 2087 P.
1180 2031 1232 2086 510

51 2122 122 2207 πρὸς
141 2127 236 2188 τοῦτο
265 2123 525 2206 εὐτρεπισμέναι,
554 2119 609 2183 καί
626 2124 684 2184 τού
697 2126 860 2186 ,παλατιόυ
878 2126 1061 2206 κατήγαγον,
1080 2123 1137 2186 καί

48 2223 81 2284 έν
100 2231 165 2297 ταῖς
183 2218 435 2306 πλησιαζούσαις
458 2219 565 2306 νήσοις
599 2217 716 2296 αύτούς
735 2222 930 2306 περιούρισαν
950 2224 1005 2286 καί
1023 2229 1133 2306 κληρε.

52 2317 116 2395 κούς
135 2321 313 2402 άτιέκειραν.
354 2323 422 2401 μετ’
443 2313 549 2404 ὀλίγον
569 2310 626 2384 σύν
645 2317 851 2405 αἰτησάμενοι
871 2312 958 2386 οὗτοι
971 2317 1029 2384 τὸν
1048 2319 1132 2386 ἴδιον

20 2422 162 2502 δθπατέρα
186 2419 372 2485 θεάσασθαι
392 2422 427 2485 ἐν
445 2424 485 2507 τῇ
495 2419 618 2507 Πριάτγρ
639 2419 723 2508 νὴσιρ
745 2421 961 2504 παρεγένοντο,
976 2419 1038 2484 καί
1058 2421 1134 2484 τού·

51 2540 98 2579 ιον
115 2520 147 2583 έν
165 2522 208 2606 τῷ
237 2521 401 2608 μοναχικρῑ
421 2516 562 2602 σχήματι
591 2519 783 2598 θεασάμενοι
807 2522 918 2582 πένθει
938 2522 1133 2604 κατεσχέθη-

51 2639 104 2680 σαν
125 2615 290 2706 άφορῆτιρ·
332 2613 379 2693 οἷς
398 2616 613 2701 ἐπιδακρύσας
634 2617 650 2684 δ
671 2617 773 2702 πατὴρ
796 2615 859 2704 ἔφη
880 2615 990 2694 “sinric
1011 2620 1132 2704 ἐγέννη-

51 2719 152 2782 οακαι·
170 2715 306 2802 innuo·
348 2719 442 2786 αύτοί
462 2721 497 2784 δέ
517 2741 557 2802 με
587 2720 777 2806 ρ’δέτησαν.”
818 2714 878 2785 εἶθ’
901 2711 1003 2797 otton
1022 2717 1133 2805 έξωρί·

52 2992 142 3043 erearit
164 2991 308 3064 patricium
326 3002 354 3045 et
374 2993 474 3047 stabuli
500 2996 633 3046 comitem.
669 2995 824 3048 Manuelens
843 2995 969 3065 insuper,
996 2993 1132 3047 Curticem

53 3059 151 3124 dictum,
169 3066 312 3135 patricium
330 3072 359 3117 et
376 3067 549 3119 excubiarum
568 3066 740 3134 drongarium
760 3067 909 3138 promovit;
929 3081 997 3138 quos
1023 3064 1132 3137 quidem

52 3139 100 3184 tres
121 3136 259 3188 interiecto
283 3135 361 3188 brevi
391 3139 479 3209 spatio
504 3139 604 3190 iustum
634 3135 678 3189 dei
703 3135 851 3202 iudicium,
879 3138 955 3190 velut
975 3136 1084 3206 eosqui
1104 3137 1133 3187 in

53 3201 174 3255 Christum
199 3205 302 3257 domini
329 3216 486 3277 peccassent
513 3217 540 3260 et
561 3209 591 3262 in
612 3224 673 3259 eum
700 3225 796 3260 manus
817 3208 1133 3270 iniecissentsiolentas,

52 3272 146 3342 imperii
160 3275 309 3348 eupiditate
325 3287 412 3330 motos
432 3280 556 3332 incessit:
575 3281 722 3331 maiestatis
741 3281 843 3352 quippe
869 3280 958 3330 laesae
977 3277 1016 3329 rei
1035 3277 1134 3346 ‹lepre-

53 3341 136 3408 Ῑῑθῦδῑι
154 3348 252 3416 singuli
271 3349 367 3400 misera
388 3359 474 3403 morte
503 3352 586 3403 vitam
604 3351 781 3420 abruperunt.
817 3351 989 3420 prolixiorem
1003 3355 1134 3416 nutemet

53 3413 206 3470 elaboratam
218 3419 301 3488 magis
319 3419 353 3478 de
375 3419 431 3473 illis
449 3424 629 3474 narrationem
643 3437 725 3492 opere
746 3419 884 3490 praedicto
905 3419 1051 3472 instituam.
1070 3426 1134 3488 post

53 3481 102 3536 dies
117 3505 177 3542 vero
196 3487 382 3562 quadraginta,
400 3491 518 3545 Ianuarii
537 3494 635 3544 mensis
657 3493 772 3564 septimo
794 3507 873 3560 supra
889 3491 1053 3551 vicesimum,
1072 3489 1133 3541 Ste-
1224 3550 1225 3554 Ἰ

53 3554 159 3621 Pharum
184 3571 212 3613 et
238 3560 445 3614 Constantinum
474 3565 531 3614 eius
551 3565 677 3624 fratrem,
703 3579 738 3614 ne
757 3559 923 3634 quandoque
949 3560 1023 3631 paria
1051 3560 1079 3610 in
1103 3575 1132 3610 se

54 3633 210 3684 attentarent*
228 3635 395 3702 suspicatus,
416 3642 444 3685 et
469 3635 556 3686 simile
576 3650 640 3686 uero
665 3642 808 3706 reputans,
834 3634 930 3704 utqui
949 3631 1133 3702 preprionon

54 3703 224 3766 pepercissent
232 3703 314 3824 patri,
332 3705 419 3756 minus
431 3705 483 3776 ipsi
495 3704 689 3767 condonarent,
706 3703 893 3762 recumbentes
909 3717 999 3754 secum
1011 3701 1046 3752 ad
1055 3717 1134 3754 men·

54 3779 113 3830 ³²1³,
131 3773 196 3824 escis
215 3789 230 3823 α
252 3773 304 3825 huc
323 3775 353 3843 in
373 3791 465 3827 eorum
489 3793 534 3828 om
552 3776 659 3846 positis,
677 3773 872 3845 comprehendi
890 3775 985 3826 iussit:
1003 3771 1133 3844 abripue-

54 3845 108 3889 runt
120 3859 197 3910 porro
217 3843 328 3916 quidum
338 3845 464 3898 Tornseii
479 3846 553 3909 dicti,
567 3855 595 3898 st
611 3847 739 3916 patricius
750 3845 894 3909 Marianus,
916 3853 944 3898 et
961 3845 1007 3916 qui
1026 3842 1060 3894 αδ
1077 3843 1132 3894 hoc
1218 3863 1224 3874 ·

54 3913 128 3974 pmii
147 3913 254 3967 fuerent
268 3917 376 3988 reliqui,
393 3919 550 3990 palatioque
568 3917 728 3979 eduxerunt,
747 3923 775 3970 et
794 3916 914 3968 clericali
932 3925 1042 3970 tonsura
1060 3913 1130 3965 mul·

55 3983 115 4064 tatos
132 3983 159 4033 in
176 3987 312 4054 proximas
327 3989 427 4040 insulas
445 3987 657 4060 deportaverunt
667 3989 768 4042 exules.
786 3987 859 4039 haud
875 3986 921 4040 diu
942 3996 1004 4058 post
1020 3983 1131 4038 videndi

53 4057 125 4132 Palus
143 4053 277 4108 desiderio
296 4060 363 4110 moti
390 4058 424 4110 sd
442 4061 540 4112 Protea
558 4059 674 4111 insulam
693 4059 808 4129 profecti
828 4067 909 4123 στοις
934 4074 1049 4128 eumque
1069 4073 1131 4107 mo..

54 4128 142 4202 Metuo
159 4123 254 4179 habitu
271 4129 398 4180 vestitum
416 4131 564 4201 conspicati
585 4132 613 4181 in
634 4130 737 4182 luctum
755 4137 937 4202 proruperunt
955 4131 1128 4181 immensum:

56 4189 141 4256 quibus
169 4206 246 4266 pater
265 4198 464 4252 collacrimntus
495 4203 534 4252 sit
554 4201 644 4252 “filios
662 4203 743 4268 genui
772 4209 800 4254 et
817 4201 950 4253 exaltavi:
970 4201 1021 4270 ipsi
1040 4207 1130 4250 nutem

54 4271 195 4326 spreverunt
213 4269 283 4322 me.''
319 4280 402 4344 stqus
420 4273 460 4326 ita
480 4273 594 4344 relegati
606 4281 680 4338 sunt,
697 4270 849 4345 Stephanus
868 4271 978 4345 quidem
996 4271 1026 4326 in
1045 4271 1129 4326 Pros-
