2892 4904
242 332 316 404 εον
666 294 918 402 aususausus
942 357 945 385 ι

327 504 370 569 Οἱ
389 505 426 569 δὲ
454 505 510 570 καί
541 493 645 578 ῦλλοος
673 504 722 578 είς
739 499 831 568 τόσον
859 501 1046 584 α’γροικικοός
1074 494 1162 584 εἶχον
1191 500 1236 578 σός
1253 501 1332 588 μηδὲ

239 603 424 690 ὀφθαλμοῖς
445 605 523 670 nori
539 604 751 686 declade'otiac
772 604 876 666 δοκεῖν
901 597 941 666 τό
961 600 1208 684 σπουδαιότερα.
1251 607 1333 668 tave.
1436 621 1437 694 ᾗ

238 725 286 779 οις
310 706 387 785 γοῦν
413 705 611 788 σπιιρόμοισι
641 704 699 766 καί
732 702 874 776 σακκίοις
897 702 953 765 καί
981 696 1111 786 ῥάκεσιν
1141 701 1249 785 α’γαθό
1280 700 1333 766 καί
1436 753 1437 758 ,

234 801 335 868 πολλὰ
365 801 420 868 καί
447 806 539 886 τίμια
568 800 731 886 όγκείμενα
762 798 843 887 πρός
870 796 939 882 ἔριν
971 799 1195 884 ἀναλεγόμενοι
1218 800 1257 867 τό
1275 806 1333 884 μὲν

233 899 324 966 ἔνδον
350 907 569 986 ἐξερρίπτουν,
598 901 772 984 όνοίγοντες
802 899 843 966 τό
865 902 929 966 retr
952 903 1084 985 dyyss'csr
1104 901 1246 990 στόματα
1279 907 1354 982 καί5

234 1002 439 1084 συνεπόνουν,
459 1003 500 1068 τό
526 1007 562 1070 δὲ
581 1005 698 1086 όχρεῖσ
713 1005 826 1086 δοχεῑα
846 1004 892 1078 εἰς
906 1000 1043 1078 κόλπους
1062 1005 1235 1090 παρόβυσν,
1255 1003 1331 1087 όβο-

233 1108 324 1167 λιαῖα
356 1102 400 1178 οἷς
427 1101 464 1168 τό
498 1103 598 1169 πολλοὶ
631 1097 716 1168 ὄντα.
769 1101 825 1168 καί
842 1107 981 1168 τοιοῦτοι
1007 1106 1067 1187 μὲν
1088 1101 1119 1168 οἱ
1139 1109 1271 1179 πλείους
1292 1102 1331 1169 τό

233 1205 344 1286 προῦτα
365 1205 399 1266 ἐν
421 1205 507 1291 α’κμῇ
530 1207 585 1288 τῆς
606 1205 770 1288 όρπαγῆς·
813 1205 997 1281 ἐπελθόντες
1017 1205 1054 1268 δὲ
1074 1201 1105 1268 οἳ
1123 1207 1189 1287 μετ’
1215 1198 1332 1280 αῦτοός

232 1301 290 1366 καί
311 1301 341 1366 οἱ
365 1307 434 1384 μετ’
464 1307 603 1379 όκείνους
632 1301 677 1368 ἔτι
707 1302 909 1389 ε’φορτίζονιο
939 1303 980 1368 τό
1014 1305 1209 1388 όκκεχυμίνα
1249 1302 1330 1390 καλό

141 1414 143 1422 ’
234 1405 289 1466 καί
308 1407 444 1467 πλοῦτον
474 1407 647 1486 συνέλεγον.
701 1397 785 1486 ἦσαν
808 1405 922 1470 tanat
949 1405 1045 1468 αῦτοό
1064 1403 1203 1487 όγεννείς
1223 1395 1369 1489 ἔρροι-ιο

233 1521 293 1582 κοι,
315 1505 371 1565 καί
388 1503 480 1568 οῦδὲν
508 1504 633 1568 α’σιεῖον
652 1506 910 1583 πεπαιδευμένοι.
952 1511 1019 1580 τοῖς
1039 1509 1118 1588 γοῦν
1138 1506 1207 1569 κατ’
1232 1506 1329 1586 ἐμπο-

233 1603 307 1685 ρίαν
326 1600 607 1688 παρατετυχηκόσι,
633 1607 687 1667 καί
710 1601 774 1668 εἴτε
802 1601 983 1688 ἰσχνότερον
1004 1595 1027 1689 ἢ
1045 1602 1126 1687 πρός
1148 1601 1253 1686 πόχος
1273 1605 1330 1667 δυ·

231 1703 378 1780 ναμόνοις
397 1703 537 1766 κτᾶσθαι
554 1700 597 1782 Χτό
614 1702 833 1789 ἐμπολεόμενα,
853 1701 963 1787 βρυχό
982 1728 1015 1768 τι
1036 1700 1251 1785 λαμβάνοντες
1271 1727 1329 1766 κα-

231 1800 405 1884 τήλλαττεν
422 1799 463 1866 τό
486 1805 529 1890 τῷ
548 1806 607 1891 βιλρ
625 1807 725 1898 τίμια.
747 1807 802 1868 καί
823 1799 893 1869 ἔστι
911 1808 1030 1884 μαθεῖν
1051 1803 1096 1880 τός
1117 1805 1249 1878 διπλοῦς
1269 1805 1329 1883 μὲν

123 1973 125 1976 .
231 1899 248 1964 ό
271 1905 401 1983 χρυσός,
423 1898 440 1964 ό
461 1903 497 1976 δὲ
518 1895 657 1989 ἄργυρος
671 1901 726 1968 καί
740 1905 786 1978 είς
812 1905 1015 1968 πολλαπλοῦν
1035 1912 1183 1989 πονηροῖς
1206 1904 1253 1978 είς
1271 1897 1366 1965 sil-15

231 2006 339 2083 λαγμα
358 2002 518 2084 χαλκείοις
537 2003 673 2086 προίετο.
714 2003 819 2085 βίβλοι
841 2003 885 2087 δέ,
908 1997 946 2078 iic
966 2002 1173 2078 όπολιολεκοός
1195 2028 1246 2079 τις
1268 2000 1328 2066 δό-

230 2123 333 2166 κνοιτο
365 2096 405 2165 όν
424 2098 484 2182 τήν
500 2097 611 2188 ψυχῇν
633 2100 686 2182 διό
703 2107 797 2183 βίου,
819 2104 875 2167 καί
894 2098 1012 2188 φόρεα,
1035 2096 1081 2180 οἷς
1101 2100 1163 2184 πρό
1184 2095 1248 2168 saie
1269 2097 1328 2168 ῦλ-

232 2206 295 2265 λων
318 2203 509 2286 φιληδοῦοιν
539 2199 569 2266 ci
596 2203 718 2286 Σῆρες,
739 2201 795 2268 καί
820 2200 913 2268 λοιποὶ
936 2199 1013 2287 ἔργα
1033 2199 1146 2288 ἱστοῦ,
1170 2195 1219 2277 οἷς
1246 2203 1328 2285 α’ρα-

232 2303 319 2384 χνιῦν
338 2303 428 2382 μίτος
448 2290 661 2384 latueris,
683 2304 739 2367 καί
758 2297 827 2370 dou,
849 2303 886 2366 δὲ
909 2297 1002 2386 ῥιζαν
1021 2303 1172 2384 γενέσεως
1193 2307 1325 2387 φέρουσι
1437 2319 1438 2370 1

228 2400 374 2482 σκιόληκα
405 2402 538 2486 ἐργάτην
566 2405 731 2486 τρυφεροῦ
767 2399 968 2487 μηρόμοιτυς,
1001 2403 1069 2466 οὐδ’
1100 2399 1184 2466 asieri
1206 2398 1360 2487 ἕφολκόλθ

227 2496 310 2586 ἦσαν
331 2510 395 2575 τοῖς
426 2502 526 2585 μηδὲν
547 2496 650 2566 εἰδόσι
669 2497 781 2594 καλόν,
802 2500 885 2567 silici
905 2504 1181 2590 παρερριπτοῦντο
1203 2499 1320 2566 είκαίον

227 2623 415 2688 τιμηματος.

295 2819 322 2874 9.
340 2821 516 2892 ίγκεχυμένα
534 2821 559 2874 Τ

295 2989 372 3042 Adeo
402 2993 445 3044 illi
465 2991 545 3047 rudes
564 3002 662 3059 erant,
681 3002 712 3047 ut
729 3011 764 3047 ns
786 2983 872 3048 oculis
891 2993 1003 3068 quidem
1021 2993 1174 3049 discernere
1192 2996 1315 3048 videren-

224 3069 270 3114 tur
287 3060 505 3132 praestabiliora.
541 3065 634 3118 linteis
651 3074 723 3119 certe
741 3065 840 3128 fasciis,
860 3069 944 3118 saccis
956 3066 1111 3137 pannisque
1128 3066 1251 3120 conditas
1274 3083 1313 3132 res

225 3133 337 3184 eximias
357 3143 385 3186 et
403 3135 545 3204 pretiosas,
565 3137 686 3189 studiose
705 3154 787 3206 quum
805 3137 987 3207 collegissent,
1006 3137 1085 3206 lps'as,
1105 3138 1208 3206 apertis
1226 3155 1315 3190 sacco·

224 3220 282 3254 rum
302 3205 394 3268 ostiis,
423 3206 570 3260 eiiciebant
599 3217 627 3261 et
646 3207 860 3272 conculcabant,
890 3211 985 3261 misera
1007 3204 1179 3277 receptacula
1197 3210 1227 3261 in
1245 3210 1315 3267 sinus

223 3273 395 3338 condebant,
415 3277 457 3328 vix
476 3279 593 3330 teruncii
608 3281 749 3349 pleraque.
770 3287 851 3349 atque
869 3280 908 3332 ita
929 3279 1041 3350 quidem
1061 3279 1189 3354 plerique
1209 3279 1243 3332 ab
1262 3270 1313 3332 ini-

223 3345 262 3396 tio
282 3347 311 3396 in
330 3345 425 3397 ardore
447 3350 556 3418 rapinae
576 3349 728 3415 faciebant;
747 3349 863 3420 proximi
881 3357 971 3403 autern
983 3357 1045 3420 post
1055 3350 1127 3413 illos,
1147 3359 1176 3404 st
1194 3350 1243 3402 hos
1261 3368 1314 3403 rnr-

222 3431 267 3466 sus
288 3418 334 3486 qui
354 3419 439 3469 secuti
459 3429 530 3482 sunt,
544 3422 682 3486 collectis,
709 3437 780 3491 quae
798 3423 897 3473 effusae
916 3429 1001 3486 erant,
1021 3420 1119 3491 opibus
1139 3419 1248 3474 divitias
1266 3421 1314 3473 sibi

222 3487 422 3555 comparabant.
460 3499 537 3542 erant
557 3499 647 3544 tamen
665 3491 694 3544 hi
715 3509 825 3562 quoque
836 3492 955 3560 imperiti
975 3499 1003 3544 et
1021 3501 1149 3559 agrestes,
1168 3491 1315 3562 necquid-

222 3573 303 3626 quam
322 3557 454 3611 urbanum
474 3571 614 3615 noverant.
640 3572 712 3614 certe
732 3562 843 3634 quidem
861 3564 903 3628 iis,
925 3563 972 3636 qui
991 3562 1130 3617 mercandi
1148 3581 1229 3615 causa
1248 3565 1314 3634 forte

220 3628 347 3681 adessent
359 3638 386 3681 st
398 3632 453 3684 sive
465 3633 513 3683 vili
526 3631 581 3685 sive
595 3651 691 3702 magno
702 3635 791 3704 pretio
804 3649 891 3686 emere
907 3641 1016 3704 possent
1029 3634 1145 3698 venalia,
1159 3651 1200 3686 res
1215 3617 1313 3704 prelio·

219 3699 337 3752 sissimus
356 3701 551 3767 concedebant,
571 3707 696 3772 exiguum
713 3704 840 3776 quiddam
853 3723 995 3757 numerum
1015 3705 1097 3756 nacti.
1119 3703 1258 3757 sciendum
1277 3711 1314 3756 est

219 3755 302 3833 enirn,
323 3769 426 3840 duplici
442 3775 508 3836 auri,
527 3776 672 3845 multiplici
692 3777 796 3844 argenti
815 3775 936 3846 pondere
950 3774 1070 3828 redemta
1090 3792 1147 3827 esse
1166 3777 1234 3827 vilia
1253 3792 1312 3827 vasa

219 3855 313 3894 aenea.
351 3841 417 3895 libri
436 3854 534 3910 autem,
556 3864 623 3916 quoe
641 3847 702 3916 quis
720 3848 830 3899 amissos
859 3865 1033 3918 peromnem
1055 3846 1137 3898 vitam
1156 3846 1250 3899 doleat
1266 3863 1311 3897 τε·

218 3909 434 3979 hamentissime,
456 3923 483 3968 et
509 3919 678 3980 vestimenta,
699 3917 799 3986 quibus
826 3935 890 3988 prae
909 3918 1005 3970 ceteris
1024 3917 1152 3985 gentibus
1170 3917 1248 3968 Seres
1265 3916 1310 3968 de·

216 3981 367 4049 lectantur,
385 3993 413 4038 et
431 3986 537 4057 reliqua
562 4005 645 4059 opera
668 3989 801 4052 textoria,
821 4005 937 4058 quorum
955 3989 1001 4041 vix
1014 4004 1113 4040 araneo
1133 3987 1306 4040 subtilitatem

215 4055 377 4118 aemuletur,
397 4073 522 4127 quaeque
540 4059 670 4127 originem
691 4060 794 4112 ducunt
814 4077 829 4110 a
849 4059 984 4112 vennibus
1005 4059 1190 4111 delicatissimi
1211 4058 1250 4109 iili
1268 4075 1307 4109 ar·

214 4123 346 4189 tificibus,
367 4143 401 4178 ne
420 4127 488 4180 haec
508 4129 628 4198 quidem,
646 4131 765 4200 inquam,
787 4130 911 4182 homines
933 4130 996 4182 illos
1014 4130 1134 4182 omnium
1150 4130 1244 4182 artium
1263 4145 1305 4179 ex-

213 4203 305 4264 pertes
327 4195 508 4264 delectabant,
527 4200 575 4252 sed
596 4201 810 4271 proiiciebantur
828 4204 916 4272 pretio
936 4201 1078 4256 vilissimo.
