2834 4898
445 361 817 427 crrnouoounrrun.
905 407 910 418 .
1106 353 1176 426 169

101 513 184 595 δῆμος
204 503 280 592 idda
302 507 376 577 “tut
395 512 516 602 donr'dn
537 509 592 576 aad
611 516 796 593 deartuatus
815 515 947 596 ἐπέβης,
966 510 1021 579 κατ’
1040 515 1177 578 norrun.

100 635 182 693 τηοας
200 614 311 675 λεόντα
342 609 397 674 καί
430 613 615 696 δρύκοντα.”
656 609 711 676 καὶ
730 608 830 688 οὕτως
852 611 1040 688 ἀποστείλας
1060 611 1178 686 αύτούς

100 712 128 772 ἐν
145 712 185 797 τρῖ
203 713 338 798 κυνηγίῳ
360 707 583 796 ἀπεκεφάλισα
638 711 826 776 Καλλίνικον
844 713 880 776 δὲ
902 712 956 775 τὸν
975 709 1178 795 αατριύρχην

100 804 251 892 τυφλώσας
272 805 417 892 ε’ξύριοε,
440 813 494 875 καί
515 807 649 886 πολλούς
671 810 734 875 τῶν
754 802 851 875 ὄντων
871 813 905 876 ἕν
924 815 965 898 τῇ
981 807 1069 875 πόλει
1088 806 1178 874 sinui·

81 913 158 974 tiene
174 905 322 996 θανάτῳ,
355 903 434 975 ὥστε
463 908 564 994 φόβον
589 911 690 994 μέγαν
716 910 875 993 γενέσθαι,
925 910 1113 985 α’τιοοτειλας
1131 910 1177 974 ’δὲ

99 997 182 1086 ἤγαγε
203 1007 375 1089 Θεοδύραν
397 1005 455 1091 την
477 1010 512 1073 ὲκ
534 1011 704 1094 Χαζαρίας
736 1007 791 1073 κατ’
813 1011 960 1094 Τιβέριον
979 1007 1051 1072 υἱὸν
1071 1008 1178 1093 αὐτῆς,

101 1108 147 1167 κατ’
165 1111 435 1187 σοντβασιλευοαν
459 1110 553 1194 αύτῷ.
597 1105 699 1184 λύσας
719 1109 755 1172 δὲ
775 1107 834 1191 τὴν
852 1107 977 1192 εἰρήνην
997 1111 1178 1172 τῶνΒοολ-

99 1203 190 1287 μύριοι
221 1195 452 1290 εἀεστρύτενσε
480 1212 551 1272 κατ’
586 1209 711 1290 adreio,
745 1205 800 1272 καὶ
830 1209 1100 1292 καταπολεμηθεὶς
1132 1209 1179 1280 εἷς

99 1304 240 1387 φρούριον
261 1308 437 1392 κατέφυγε,
469 1311 524 1372 καί
549 1307 623 1382 τούς
652 1311 766 1382 innovo
788 1304 1035 1392 νεοροκοαήσας,
1069 1309 1116 1382 εἰς
1137 1305 1176 1370 τὰ

69 1407 191 1490 roratur]
211 1403 326 1487 εἀιβύς
338 1451 348 1485 ,
369 1410 436 1488 μετ’
458 1404 613 1492 αἰσχύνης
642 1400 744 1490 ἢλθεν
768 1411 802 1474 ἐν
830 1403 1177 1472 Κωνσταντινοναύλει.

98 1503 302 1588 Χεροωνίταις
324 1506 360 1570 δὲ
380 1509 580 1591 μνησικακῶν
600 1504 663 1570 αἀὁ
677 1509 733 1590 τῆς
754 1510 879 1589 ἐξορίνας
900 1505 1007 1590 edroi,
1031 1505 1178 1571 α’τιοοτεί-

96 1607 144 1676 λος
162 1604 300 1685 Μαῦροι
329 1603 491 1688 πατρίκιον
511 1607 688 1691 κατέσφαξε
709 1609 764 1670 κατ’
776 1604 814 1670 τὰ
835 1605 932 1689 νηάια
954 1605 1060 1668 adesis
1082 1629 1178 1690 κατης

97 1699 226 1786 λύφισεν.
268 1699 284 1770 ὃ
308 1707 343 1770 δὲ
366 1705 562 1782 Φιλιαααιός
584 1705 601 1768 o‘
625 1705 678 1770 καί
690 1702 859 1792 Βορύύνης
882 1707 981 1770 ἐκεῖσε
1004 1697 1048 1768 nis
1072 1703 1178 1788 ε’ξόρι-

95 1825 172 1882 στος,
192 1805 250 1868 καί
266 1827 356 1881 τινος
386 1808 448 1870 sais
469 1809 669 1888 στρατιωτῶν
697 1802 918 1878 ύαονοθεύσας
946 1806 1002 1866 κατ’
1022 1801 1100 1886 πρὸς
1119 1803 1180 1888 την

65 1899 180 1976 ιραύτοῠ
201 1899 336 1978 ἑλκύσας
364 1897 504 1988 εύνοιαν,
535 1905 587 1968 διὰ
609 1903 668 1990 την
698 1908 756 1970 τοῦ
774 1905 1001 1970 Ἰονστινιανοῦ
1023 1898 1179 1984 ἀπήνειαν

93 2001 139 2062 κατ’
156 1996 297 2087 ὠμότητα
319 2004 431 2068 τοῦτον
452 2003 644 2091 εὐφήμησον
665 2007 709 2080 εἰς
729 2007 864 2084 βασιλέα
887 2000 1040 2082 uniuersi
1061 2001 1178 2068 στόλον

93 2103 289 2184 προέπεμψαν
301 2105 335 2168 ἐν
353 2107 391 2191 τῇ
405 2104 507 2169 πόλει·
526 2091 604 2186 ὅπερ
621 2103 712 2187 γνούς
726 2104 744 2168 d
761 2102 992 2182 ’Ῑουστινιανύς,
1005 2102 1059 2168 ἐπὶ
1072 2109 1177 2166 πλεῖον

94 2200 235 2285 φοβηθεὶς
256 2200 312 2267 καί
324 2207 508 2286 θυμωθείς,
532 2198 649 2288 ἀνῆλθε
668 2209 766 2288 μέχρι
790 2201 933 2287 Σινύαης
954 2204 1178 2286 ἀκριβέστερον

93 2303 156 2381 seui
175 2298 288 2366 τούτου
308 2304 541 2388 μαθησόμενος.
583 2306 640 2370 τού
662 2307 698 2369 δὲ
719 2305 915 2370 Φιλιααικού
928 2299 989 2367 σύν
1010 2305 1054 2389 τῷ
1076 2296 1174 2390 στόλῳ

62 2394 141 2478 roris
172 2398 259 2465 πόλιν
294 2406 528 2485 καταλαβόντος
559 2401 779 2479 Ἱουστινιανύς
806 2401 886 2486 πρὸς
915 2400 969 2468 τὸν
996 2397 1176 2483 Δαματρύν

92 2489 228 2588 desidua,
257 2503 570 2590 καταλειφθεὶςύαὸ
590 2503 739 2569 πάντων·
788 2500 825 2567 ὃν
846 2505 959 2568 adtrita
982 2499 1175 2577 Φιλιππικός

92 2695 245 2782 ἔξέαεμψε.

91 2955 176 3020 “super
193 2954 312 3024 aspidem
331 2964 360 3009 et
376 2955 532 3011 basiliscum
550 2957 722 3010 ambularisti
743 2963 773 3010 et
789 2956 896 3010 leonem
908 2971 939 3006 nc
951 2953 1094 3008 draconem
1111 2952 1168 3004 cai-

90 3021 194 3074 caristi.”
229 3027 293 3078 inde
315 3043 362 3080 eos
387 3029 416 3081 in
434 3032 574 3098 cynegium
591 3029 687 3086 ⁴missos
713 3029 800 3097 capite
824 3026 941 3079 truncari
960 3026 1048 3078 iussit.
1085 3023 1169 3076 Calli·

90 3093 167 3144 nicum
186 3097 362 3165 patriarcham
380 3101 465 3152 ocutis
484 3101 606 3152 orbatum
627 3100 656 3152 in
675 3100 786 3150 exilium
810 3099 893 3163 misit,
911 3099 1065 3165 multosque
1084 3111 1116 3147 erc
1134 3095 1169 3146 iis

90 3163 171 3228 quiin
190 3167 253 3220 urbe
273 3179 350 3221 erant
366 3170 486 3240 perdidit
503 3171 541 3223 ita
553 3179 582 3224 ut
600 3187 710 3239 magnus
730 3171 811 3222 timor
831 3171 956 3221 oriretur.
994 3164 1166 3219 Theodoram

90 3231 234 3290 Chazaream
256 3241 369 3310 eiusque
390 3242 476 3293 iiiium
496 3241 637 3294 Tiberium
660 3241 776 3293 adduxit
801 3241 848 3310 qui
867 3257 921 3291 una
939 3255 998 3290 cum
1019 3254 1051 3289 eo
1071 3253 1167 3304 regun-

90 3314 149 3356 unt.
193 3319 270 3381 rupta
295 3327 379 3381 pace,
397 3330 476 3383 quam
500 3330 559 3365 cunr
586 3313 706 3380 Balgaris
724 3313 833 3376 inierat,
853 3310 957 3363 bellum
974 3309 1007 3359 iis
1027 3307 1121 3359 intulit
1139 3315 1167 3359 et

88 3375 161 3428 rictus
176 3378 204 3431 in
224 3390 340 3434 castrum
359 3383 444 3452 fugin
464 3383 565 3436 deinde
586 3400 717 3453 equorum
743 3399 851 3434 snorum
868 3381 957 3433 nervis
975 3379 1065 3433 incisis
1084 3393 1166 3430 naves

88 3444 213 3515 ingressus,
231 3470 292 3505 curn
312 3451 443 3506 dedecore
461 3455 565 3524 Cpolim
586 3455 670 3507 venit.
705 3469 808 3506 memor
828 3453 968 3513 malorum,
987 3465 1057 3520 quae
1077 3447 1165 3500 Cher-

88 3531 200 3572 ronenaes
218 3531 311 3576 contra
330 3541 368 3588 sa,
387 3542 469 3596 quum
488 3526 517 3578 in
536 3525 618 3578 exilio
632 3532 712 3588 esset,
730 3523 819 3578 moliti
837 3530 923 3586 erant,
937 3522 1029 3572 Mauro
1049 3519 1164 3588 patricio

88 3587 157 3640 mirso
176 3608 220 3644 eos
250 3593 395 3648 trucidarit
423 3604 452 3650 et
476 3595 593 3648 infantes
623 3597 774 3667 prostravit.
810 3593 976 3665 Philippicua
995 3597 1095 3651 nutem,
1115 3589 1163 3660 qui

88 3657 158 3710 etiarn
175 3663 321 3728 Rudanas,
343 3667 476 3737 corruptis
494 3667 634 3720 nonnullis
658 3666 788 3719 militibus
810 3673 838 3718 et
854 3665 884 3716 in
903 3661 1163 3716 suamvoluntatem
1212 3677 1216 3684 '

88 3731 167 3808 tractis
183 3743 290 3805 propter
306 3737 451 3790 iustiniani
470 3738 639 3791 inimicitiam
662 3744 690 3790 et
711 3736 898 3789 crudelitatem
916 3733 1013 3786 faustis
1031 3734 1164 3784 occlama-

88 3801 195 3855 tronibus
213 3822 257 3858 rea
279 3817 384 3860 creatus
404 3817 445 3862 est
462 3816 567 3862 etcum
587 3810 671 3860 classe
699 3808 728 3860 in
747 3807 840 3860 urbem
857 3806 961 3858 missus.
997 3802 1097 3874 quibus
1116 3819 1163 3856 co-

89 3869 167 3934 gnitis,
184 3875 344 3931 iustinianus
370 3881 452 3946 magis
481 3879 625 3932 exterritus
644 3887 673 3932 et
690 3879 773 3931 iratus
801 3893 887 3947 usque
906 3874 941 3927 ad
959 3874 1079 3944 Sinopen
1096 3892 1164 3945 pro-

89 3937 164 3993 iectus
181 3954 225 4009 est,
243 3955 274 4000 ut
290 3950 440 4002 accuratius
459 3949 493 4002 de
514 3966 542 4002 rs
559 3949 675 4003 audiret.
719 3967 803 4019 quum
822 3956 912 3999 autern
929 3945 1095 4016 Philippicus
1116 3961 1162 3997 ur-

89 4005 141 4064 ben
156 4030 210 4068 curn
229 4019 314 4074 classe
341 4029 507 4092 occupasset,
528 4021 673 4089 Damatrya
697 4019 819 4092 confugit
835 4019 1010 4080 lastinianus,
1038 4016 1162 4068 desertus

89 4078 252 4211 &efflans
287 4091 457 4164 Philippicas
476 4093 615 4164 externplo
632 4105 692 4144 auur
706 4092 780 4164 cepit
799 4097 827 4144 at
844 4098 927 4162 caput
942 4089 1075 4142 abscisum
1094 4087 1162 4156 Scy-
