2814 4898
396 230 453 291 Du
479 227 612 292 tAEONE
639 225 806 292 ustauhts
823 229 858 294 λ’.
1095 220 1169 296 359

67 379 248 460 ἐξέρχεταιι
301 373 321 440 δ
352 375 390 461 δη
413 380 469 444 καί
494 380 650 461 ἐνενόησεν.
692 377 732 464 τῇ
762 377 853 448 νυκτί
873 375 1060 455 ἀποστείλας
1078 383 1170 461 τινός

67 481 206 558 ἐξέωσεν
226 474 325 543 αότόν
354 479 409 562 τῆς
426 480 609 564 ἐκκλησίας,
634 478 690 540 καί
709 471 932 559 καταγαγόντες
958 475 1040 558 pessel
1063 476 1169 567 φόρον
1272 465 1275 472 ’

68 575 98 643 οἱ
116 577 356 653 ἀποσταλέντες
375 575 509 662 ἔστησαν
524 580 623 658 μέσον
641 579 696 662 τῆς
716 576 832 662 ἀγορᾶς
853 579 912 640 scri
927 580 1062 658 Μελίαν,
1082 573 1169 658 όπως
1177 598 1205 655 1³,
1217 593 1269 658 τις

66 679 151 751 τινές
174 679 242 741 τεόν
261 678 465 758 στρατιωτῶν
486 675 712 742 cucurrisses
726 671 835 770 αότόν.
877 674 933 740 καί
954 676 1063 762 ἐπειδὴ
1083 677 1168 764 βρό.

44 778 137 844 5διον
159 769 203 860 ἦν
224 779 280 842 καί
298 775 413 852 πόντος
433 769 521 866 όπνηι
542 780 763 862 κατεφέροντο,
782 775 887 850 ου’δείς
900 777 1071 864 ἐσαλεύθη.
1114 781 1171 846 καί

65 872 263 960 ποιήσαντες
282 873 361 942 stass*
379 879 505 960 μιοῖριν,
534 877 590 941 καί
607 877 707 962 μηδὲν
726 872 898 950 α’νόσαντες
916 873 991 959 περί
1010 869 1051 940 od
1070 877 1169 960 ἐβρό-

65 981 170 1056 λοντσ,
194 965 277 1059 ἦραν
298 975 400 1041 αότόν
427 979 550 1043 ἐκεῖθεν
577 977 634 1041 καί
655 975 829 1060 κατήγαγον
856 974 902 1048 εἰς
923 974 1091 1062 α’κρόπολιν
1112 979 1170 1044 καί

64 1075 222 1154 βαλόντες
245 1077 278 1140 ἐν
306 1075 422 1164 όκατίῳ
444 1073 582 1162 ἔρριψαν
601 1079 710 1161 ,πέραν
731 1074 777 1150 εἰς
797 1074 1013 1158 Χρυσόπολιν.
1055 1079 1111 1142 καί
1131 1077 1165 1144 τό

65 1176 156 1258 πρωῒ
174 1171 311 1257 ποιήσας
339 1171 534 1242 σελέντιονό
558 1171 628 1252 υἱός
649 1178 704 1257 τῆς
731 1173 890 1252 ἀπωλείας
908 1167 995 1240 εἶπεν
1015 1173 1092 1262 πρός
1112 1174 1167 1242 τόν

30 1274 143 1338 λθλαόν
169 1272 320 1360 ’ίσέδατῃ
344 1273 497 1362 ἀδελφοί,
527 1268 576 1340 ότι
598 1273 615 1340 ό
636 1271 835 1360 πατριάρχης
857 1277 1020 1358 παρεόσας
1039 1281 1095 1360 τῆς
1114 1279 1167 1342 ἐκ·

65 1373 199 1459 κλησίας
220 1373 440 1462 ἀνεχώρησεν,
470 1374 553 1442 διότι
574 1378 719 1460 ἐλέγομεν
741 1367 829 1461 αότηό
848 1377 922 1459 περὶ
943 1377 1005 1440 τόν
1028 1372 1166 1462 εἰκόνων,

64 1467 114 1538 ότι
135 1477 245 1549 κακῶς
267 1480 537 1562 προσκυνοῦνται,
561 1477 618 1541 καί
636 1469 685 1541 ότι
717 1475 771 1539 διὰ
796 1476 887 1539 sciro
908 1472 947 1538 τό
973 1471 1052 1562 ism
1072 1501 1165 1562 κυρι-

65 1572 160 1638 εόουν
181 1573 284 1658 ἡμῶν.
326 1574 427 1650 αότός
449 1577 484 1641 δὲ
503 1572 547 1660 με]
580 1573 664 1658 ἔχων
687 1563 816 1656 εόλογόν
835 1596 866 1640 τι
889 1566 1193 1660 όπολογὴσασδαι,ῃ

64 1673 229 1757 ὀργισθείς
247 1677 302 1740 καί
317 1671 478 1756 ότιμόσας
496 1675 582 1758 ἡμᾶς
604 1674 814 1758 α’νεχιόρησεν.
858 1676 913 1738 καί
931 1671 1042 1739 λοιπόν
1064 1671 1163 1760 cisely.

31 1785 119 1858 λοκην
146 1771 267 1856 ἔχομεν
295 1779 399 1860 ἓτερον
426 1776 629 1860 πατριάρχην
657 1776 817 1858 ποιῆσαιί*
866 1779 921 1839 καί
950 1778 1050 1841 ταῦτα
1081 1792 1163 1858 preo-

65 1869 202 1954 σόμενος
223 1872 346 1940 ἔπεισεν
369 1873 424 1938 τόν
446 1876 523 1939 λαόν
544 1871 591 1938 δτι
611 1870 824 1961 παρῃτήσατο.
867 1879 923 1940 καί
941 1873 981 1960 δη
1003 1881 1163 1959 βουλομέ-

64 1993 118 2036 νου
145 1972 251 2038 αὐτοῦ
277 1975 410 2057 ποιῆσαι
435 1975 583 2060 Ἰωάννην
611 1977 669 2040 τοῦ
690 1977 918 2061 Παγκρατίου,
954 1980 1028 2040 καθ’
1058 1973 1078 2040 ό
1106 1975 1163 2044 κατ’

65 2077 277 2154 succursum
299 2067 394 2161 αότηῖ,
417 2072 594 2160 διεκωλύθη
624 2073 711 2160 παρὰ
730 2078 794 2140 τοῖν
814 2075 987 2166 πατρικίων
1006 2072 1159 2159 λεγόντων

65 2166 113 2234 ότι
135 2176 207 2249 νέος
228 2175 297 2240 ἐστι’
314 2173 370 2240 καί
388 2175 524 2261 α’φανής,
546 2179 602 2242 καί
621 2174 659 2238 cri
677 2177 730 2239 δεῖ
745 2175 829 2260 ἡμᾶς
848 2177 998 2260 γέροντας
1018 2199 1158 2256 προσκν·

31 2275 125 2335 λονειν
153 2275 211 2338 καί
241 2275 449 2358 προσπίπτειν
481 2272 662 2359 ἔμπροσθεν
691 2275 812 2339 αότοό·
863 2270 945 2338 stit
980 2277 1101 2356 μᾶλλον
1121 2276 1158 2340 ἐκ

64 2371 135 2446 τοός
155 2372 304 2454 εόγενοός
333 2374 389 2438 καί
415 2377 569 2460 ἐμφανεῖς
596 2377 654 2456 καί
677 2373 782 2462 χρόνῳ
813 2371 1047 2458 προβεβηκότας
1068 2377 1156 2457 γενέ..

66 2474 139 2538 οδω.
164 2473 222 2539 καί
240 2472 279 2560 δὴ
301 2475 466 2554 ἐπελέξατο
480 2472 637 2540 Θεόδοτον
657 2471 729 2537 υἱόν
750 2472 889 2559 Μιχαὴλ
910 2473 1156 2558 πατρικίουτοῦ

129 2651 156 2706 2.
177 2652 297 2722 φορείου
315 2665 405 2718 margo
423 2651 442 2704 P

67 2811 102 2862 its
118 2812 366 2875 iecit„summissis
382 2819 463 2864 nocte
482 2814 530 2884 qui
559 2813 736 2884 patriarcham
756 2813 886 2864 elicerent
907 2810 1031 2863 ccclesia.
1068 2827 1151 2882 qnare

68 2882 109 2950 qui
127 2885 202 2935 missi
224 2883 346 2944 suerunt,
364 2883 460 2935 lectica
486 2883 664 2954 patriarcham
690 2881 855 2936 abducentes
881 2881 971 2934 medio
991 2880 1063 2932 Mitti
1091 2882 1151 2934 suro

67 2959 209 3017 steterunt,
237 2961 268 3006 ut
285 2970 346 3006 eum
366 2953 482 3006 militum
507 2954 617 3024 quidam
641 2953 804 3006 uccirlsrent.
841 2962 898 3004 crat
916 2969 996 3020 porro
1015 2949 1152 3019 profunda

67 3036 124 3085 uox,
145 3041 296 3094 somnoque
314 3025 419 3076 cunctis
437 3022 570 3094 depressis
590 3025 682 3078 nullus
703 3043 732 3076 se
749 3025 841 3078 movit.
878 3032 940 3094 post
962 3023 1079 3074 mediam
1097 3021 1151 3074 ho-

65 3108 125 3155 ram,
141 3096 170 3148 in
190 3095 269 3148 nullo
297 3111 414 3164 quornm
432 3103 491 3148 erat
506 3097 634 3149 molimen
658 3098 847 3166 proficientes,
865 3096 987 3146 tulerunt
1005 3108 1066 3143 eum
1086 3091 1151 3144 inde

67 3169 93 3214 st
107 3164 136 3216 in
158 3183 247 3218 arcem
266 3165 451 3229 abduxerunt,
470 3166 601 3236 lintriqus
618 3167 773 3236 impositum
801 3175 873 3220 trans
892 3167 991 3216 fretum
1007 3161 1044 3215 ad
1063 3160 1150 3230 Chry·

67 3233 176 3302 sopolim
196 3235 345 3308 proiecere.
386 3246 465 3290 mane
482 3239 598 3290 comitiis
620 3237 722 3290 habitis
740 3239 813 3290 filius
830 3236 990 3306 perditionis
1007 3233 1043 3284 εδ
1060 3248 1149 3303 popu-

67 3303 117 3356 lum
137 3323 288 3360 sermonem
309 3307 414 3361 hahuit.
449 3308 577 3372 “videtin
597 3308 701 3372 fratres,
726 3315 758 3362 ut
772 3305 923 3379 patriarcha
941 3305 1054 3358 ecclesia
1071 3303 1149 3356 dere·

68 3369 128 3428 licta
146 3377 314 3443 discesserit,
340 3380 491 3449 quodcum
517 3398 550 3432 eo
570 3380 604 3432 dc
621 3379 784 3448 imaginihus
812 3379 939 3430 fuerimus
964 3374 1102 3437 collocuti,
1120 3382 1150 3426 et

70 3451 264 3512 exposuerimus
292 3457 402 3519 propter
429 3467 474 3504 eas
499 3467 514 3501 s
539 3451 666 3520 gentibus
689 3467 737 3504 nos
762 3450 851 3518 affligi.
894 3450 917 3501 is
940 3464 1005 3500 vero
1026 3445 1149 3514 responsi

69 3521 173 3584 congrui
192 3521 302 3589 penitus
323 3521 438 3590 ignarus,
460 3523 498 3574 irs
517 3538 644 3592 praeceps
664 3528 692 3574 et
708 3519 789 3574 nohis
805 3520 939 3589 neglectis
955 3517 1033 3570 obiit.
1062 3515 1149 3569 alium

71 3583 145 3650 igitur
171 3591 351 3659 patriarcham
375 3593 480 3644 institui
509 3609 620 3646 necesse
642 3594 707 3644 est-’²
743 3593 782 3644 ita
799 3591 927 3643 mentitus
947 3585 1081 3660 persuasit
1097 3603 1150 3658 po·

71 3656 130 3721 pulo
146 3675 206 3714 eum
225 3661 364 3716 abdicasse
381 3680 410 3716 se
429 3663 577 3732 dignitate:
598 3665 725 3716 loannem
739 3663 840 3733 quippe
853 3661 986 3715 Pancratii
1005 3659 1103 3721 filium,
1120 3664 1152 3710 nt

71 3727 138 3790 prius
156 3747 218 3786 cum
243 3749 275 3786 eo
293 3742 386 3804 pactus
407 3742 473 3796 erat,
492 3733 526 3786 ad
543 3733 694 3786 istiusmodi
705 3733 863 3804 dignitatem
882 3747 1039 3802 promovere
1056 3727 1152 3781 stude·

72 3791 122 3848 hat.
141 3815 157 3851 a
172 3805 292 3870 patriciis
305 3813 395 3858 tamen
414 3806 443 3857 iu
462 3804 535 3858 hunc
553 3821 653 3858 morem
672 3803 844 3858 monentibus
861 3801 1073 3874 prohibituscst.
1091 3799 1153 3850 “iu-

73 3869 139 3921 venis
156 3876 212 3926 est'
232 3876 395 3946 inquiebant
412 3885 458 3930 “et
467 3876 608 3946 ignobilis:
627 3893 715 3947 neque
726 3875 806 3928 decet
822 3892 872 3928 nos
891 3889 968 3926 senes
987 3887 1049 3924 eum
1067 3886 1152 3924 vene-

74 3938 119 3988 rsri
138 3949 165 3994 et
181 3961 270 3997 coram
283 3963 316 3998 eo
334 3947 483 4016 procidere,
498 3949 565 4017 quin
583 3948 673 4016 potius
692 3964 725 3998 eu
742 3947 867 4014 ingenuis
885 3952 913 4000 et
930 3943 1030 3997 illustri
1048 3939 1153 3992 inmitia

75 4010 138 4060 natis
156 4023 299 4087 aetateque
316 4019 449 4088 provectis
462 4016 615 4088 patriarcha
633 4017 845 4087 promoveatur.'’
863 4032 921 4068 snm
939 4013 975 4067 ob
996 4011 1153 4067 rern'lheo·

77 4075 160 4136 toton
176 4085 317 4142 Michaelis
336 4089 443 4158 patricii
463 4088 615 4153 illelissini,
640 4088 811 4142 Constantini
831 4085 1000 4157 imperatoris
1019 4082 1153 4138 Cnhallini
