<?xml version="1.0" encoding="UTF-8"?>
<!DOCTYPE html PUBLIC "-//W3C//DTD XHTML 1.0 Transitional//EN"
    "http://www.w3.org/TR/xhtml1/DTD/xhtml1-transitional.dtd">
<html xmlns="http://www.w3.org/1999/xhtml" xml:lang="en" lang="en">
 <head>
  <title>
</title>
<meta http-equiv="Content-Type" content="text/html;charset=utf-8" />
  <meta name='ocr-system' content='tesseract 3.04.00' />
  <meta name='ocr-capabilities' content='ocr_page ocr_carea ocr_par ocr_line ocrx_word'/>
</head>
<body>
  <div class='ocr_page' id='page_1' title='image "./chronographia01eustgoog_0196.png"; bbox 0 0 2834 4898; ppageno 0'>
   <div class='ocr_carea' id='block_1_1' title="bbox 333 319 1124 400">
    <p class='ocr_par' dir='ltr' id='par_1_1' title="bbox 333 319 1124 400">
     <span class='ocr_line' id='line_1_1' title="bbox 333 319 1124 400; baseline -0.011 1"><span class='ocrx_word' id='word_1_1' title='bbox 333 331 339 344; x_wconf 82' lang='grc'><strong>’</strong></span> <span class='ocrx_word' id='word_1_2' title='bbox 403 328 773 400; x_wconf 77' lang='lat' dir='ltr'>CHRONOGRAPHIA.</span> <span class='ocrx_word' id='word_1_3' title='bbox 1054 319 1124 392; x_wconf 80' lang='lat'><strong>185</strong></span> 
     </span>
    </p>
   </div>
   <div class='ocr_carea' id='block_1_2' title="bbox 32 475 1135 2456">
    <p class='ocr_par' dir='ltr' id='par_1_2' title="bbox 32 475 1133 2054">
     <span class='ocr_line' id='line_1_2' title="bbox 56 475 1127 567; baseline -0.011 -17"><span class='ocrx_word' id='word_1_4' title='bbox 56 483 101 566; x_wconf 78' lang='grc' dir='ltr'><strong><em>τῆν</em></strong></span> <span class='ocrx_word' id='word_1_5' title='bbox 119 484 346 567; x_wconf 76' lang='grc' dir='ltr'><strong><em>Γερμανδιιειαν</em></strong></span> <span class='ocrx_word' id='word_1_6' title='bbox 365 485 528 566; x_wconf 74' lang='grc' dir='ltr'><strong><em>παρέλαβε</em></strong></span> <span class='ocrx_word' id='word_1_7' title='bbox 549 484 605 550; x_wconf 75' lang='grc' dir='ltr'><strong>καὶ</strong></span> <span class='ocrx_word' id='word_1_8' title='bbox 625 475 889 546; x_wconf 78' lang='grc' dir='ltr'><strong><em>Θεοδοσιούσολιν</em></strong></span> <span class='ocrx_word' id='word_1_9' title='bbox 909 481 966 542; x_wconf 75' lang='grc' dir='ltr'><strong>καὶ</strong></span> <span class='ocrx_word' id='word_1_10' title='bbox 984 481 1127 564; x_wconf 59' lang='lat' dir='ltr'><strong>Mateta.</strong></span> 
     </span>
     <span class='ocr_line' id='line_1_3' title="bbox 56 575 1127 667; baseline -0.004 -20"><span class='ocrx_word' id='word_1_11' title='bbox 56 581 108 667; x_wconf 67' lang='grc' dir='ltr'><strong><em>νύν,</em></strong></span> <span class='ocrx_word' id='word_1_12' title='bbox 127 584 362 664; x_wconf 80' lang='grc' dir='ltr'><strong><em>σι’χμσλοοιάτας</em></strong></span> <span class='ocrx_word' id='word_1_13' title='bbox 380 579 501 658; x_wconf 86' lang='grc' dir='ltr'><strong><em>πάντας</em></strong></span> <span class='ocrx_word' id='word_1_14' title='bbox 520 580 595 656; x_wconf 86' lang='grc' dir='ltr'><strong><em>τούς</em></strong></span> <span class='ocrx_word' id='word_1_15' title='bbox 619 584 730 645; x_wconf 80' lang='grc' dir='ltr'><strong><em>ἐκεῖσε.</em></strong></span> <span class='ocrx_word' id='word_1_16' title='bbox 771 575 827 644; x_wconf 82' lang='grc' dir='ltr'><strong>διὰ</strong></span> <span class='ocrx_word' id='word_1_17' title='bbox 849 577 885 642; x_wconf 81' lang='grc' dir='ltr'><strong>δὲ</strong></span> <span class='ocrx_word' id='word_1_18' title='bbox 903 575 960 662; x_wconf 71' lang='grc' dir='ltr'><strong><em>τὴν</em></strong></span> <span class='ocrx_word' id='word_1_19' title='bbox 978 577 1127 661; x_wconf 73' lang='grc' dir='ltr'><strong>τοιαύτην</strong></span> 
     </span>
     <span class='ocr_line' id='line_1_4' title="bbox 56 671 1129 768; baseline -0.001 -22"><span class='ocrx_word' id='word_1_20' title='bbox 56 683 195 768; x_wconf 82' lang='grc' dir='ltr'><strong><em>πρόφασιν</em></strong></span> <span class='ocrx_word' id='word_1_21' title='bbox 214 684 274 745; x_wconf 84' lang='grc' dir='ltr'><strong>τού</strong></span> <span class='ocrx_word' id='word_1_22' title='bbox 295 684 469 746; x_wconf 76' lang='grc' dir='ltr'><strong><em>θανατικσύ</em></strong></span> <span class='ocrx_word' id='word_1_23' title='bbox 492 678 748 763; x_wconf 79' lang='grc' dir='ltr'><strong><em>προσλαβόμενος</em></strong></span> <span class='ocrx_word' id='word_1_24' title='bbox 757 677 830 752; x_wconf 87' lang='grc' dir='ltr'><strong><em>τούς</em></strong></span> <span class='ocrx_word' id='word_1_25' title='bbox 850 687 1008 760; x_wconf 77' lang='grc' dir='ltr'><em>συγγενεῖς</em></span> <span class='ocrx_word' id='word_1_26' title='bbox 1028 671 1129 746; x_wconf 75' lang='lat' dir='ltr'><strong>odacri</strong></span> 
     </span>
     <span class='ocr_line' id='line_1_5' title="bbox 55 775 1129 864; baseline -0.004 -18"><span class='ocrx_word' id='word_1_27' title='bbox 55 783 217 863; x_wconf 72' lang='grc' dir='ltr'><strong><em>Ἀρμενίους</em></strong></span> <span class='ocrx_word' id='word_1_28' title='bbox 236 803 270 845; x_wconf 87' lang='grc' dir='ltr'><strong>τε</strong></span> <span class='ocrx_word' id='word_1_29' title='bbox 289 783 346 846; x_wconf 81' lang='grc' dir='ltr'><strong><em>καί</em></strong></span> <span class='ocrx_word' id='word_1_30' title='bbox 364 780 488 864; x_wconf 78' lang='grc' dir='ltr'><strong><em>Σύρους</em></strong></span> <span class='ocrx_word' id='word_1_31' title='bbox 509 779 684 863; x_wconf 78' lang='grc' dir='ltr'><strong><em>αἱρετικούς</em></strong></span> <span class='ocrx_word' id='word_1_32' title='bbox 704 778 795 853; x_wconf 82' lang='grc' dir='ltr'><strong><em>εἴςτε</em></strong></span> <span class='ocrx_word' id='word_1_33' title='bbox 816 775 851 845; x_wconf 82' lang='grc' dir='ltr'><strong>τά</strong></span> <span class='ocrx_word' id='word_1_34' title='bbox 875 780 1051 858; x_wconf 82' lang='grc' dir='ltr'><strong><em>Βυζάντιον</em></strong></span> <span class='ocrx_word' id='word_1_35' title='bbox 1070 801 1129 861; x_wconf 78' lang='grc' dir='ltr'><strong>με·</strong></span> 
     </span>
     <span class='ocr_line' id='line_1_6' title="bbox 40 876 1130 968; baseline -0.005 -23"><span class='ocrx_word' id='word_1_36' title='bbox 40 879 150 967; x_wconf 69' lang='grc' dir='ltr'><strong><em>ὅτῴιιοε</em></strong></span> <span class='ocrx_word' id='word_1_37' title='bbox 171 878 226 944; x_wconf 80' lang='grc' dir='ltr'><strong><em>καί</em></strong></span> <span class='ocrx_word' id='word_1_38' title='bbox 245 883 279 945; x_wconf 78' lang='grc' dir='ltr'><strong><em>ἐν</em></strong></span> <span class='ocrx_word' id='word_1_39' title='bbox 299 882 339 966; x_wconf 76' lang='grc' dir='ltr'><strong>τῇ</strong></span> <span class='ocrx_word' id='word_1_40' title='bbox 362 881 496 968; x_wconf 72' lang='grc' dir='ltr'><strong><em>Θράκῃ,</em></strong></span> <span class='ocrx_word' id='word_1_41' title='bbox 526 877 560 944; x_wconf 74' lang='grc' dir='ltr'><strong>οἳ</strong></span> <span class='ocrx_word' id='word_1_42' title='bbox 575 881 672 962; x_wconf 79' lang='grc' dir='ltr'><strong><em>μέχρι</em></strong></span> <span class='ocrx_word' id='word_1_43' title='bbox 692 878 750 942; x_wconf 81' lang='grc' dir='ltr'><strong>τού</strong></span> <span class='ocrx_word' id='word_1_44' title='bbox 770 879 828 943; x_wconf 86' lang='grc' dir='ltr'><strong>νύν</strong></span> <span class='ocrx_word' id='word_1_45' title='bbox 850 876 908 960; x_wconf 78' lang='grc' dir='ltr'><strong><em>τὴν</em></strong></span> <span class='ocrx_word' id='word_1_46' title='bbox 929 879 1051 962; x_wconf 77' lang='grc' dir='ltr'><strong><em>αἳρεσιν</em></strong></span> <span class='ocrx_word' id='word_1_47' title='bbox 1071 883 1130 942; x_wconf 76' lang='grc' dir='ltr'><strong>τοῦ</strong></span> 
     </span>
     <span class='ocr_line' id='line_1_7' title="bbox 57 977 1130 1066; baseline -0.006 -20"><span class='ocrx_word' id='word_1_48' title='bbox 57 979 192 1064; x_wconf 89' lang='grc' dir='ltr'><strong><em>τνράννον</em></strong></span> <span class='ocrx_word' id='word_1_49' title='bbox 224 981 461 1066; x_wconf 84' lang='grc' dir='ltr'><strong><em>διακρατούσιν.</em></strong></span> <span class='ocrx_word' id='word_1_50' title='bbox 509 980 628 1063; x_wconf 73' lang='grc' dir='ltr'><strong><em>ἐτύχθη</em></strong></span> <span class='ocrx_word' id='word_1_51' title='bbox 660 979 696 1041; x_wconf 82' lang='grc' dir='ltr'><strong>δὲ</strong></span> <span class='ocrx_word' id='word_1_52' title='bbox 716 977 783 1042; x_wconf 79' lang='lat' dir='ltr'><strong>rire</strong></span> <span class='ocrx_word' id='word_1_53' title='bbox 814 979 858 1064; x_wconf 77' lang='grc' dir='ltr'><strong>τῷ</strong></span> <span class='ocrx_word' id='word_1_54' title='bbox 886 982 1017 1060; x_wconf 83' lang='grc' dir='ltr'><strong><em>βασιλεῖ</em></strong></span> <span class='ocrx_word' id='word_1_55' title='bbox 1034 979 1130 1041; x_wconf 83' lang='grc' dir='ltr'><strong><em>Κων-</em></strong></span> 
     </span>
     <span class='ocr_line' id='line_1_8' title="bbox 57 1071 1130 1166; baseline -0.005 -22"><span class='ocrx_word' id='word_1_56' title='bbox 57 1081 189 1166; x_wconf 77' lang='grc' dir='ltr'><strong><em>οταντίνιρ</em></strong></span> <span class='ocrx_word' id='word_1_57' title='bbox 214 1071 286 1154; x_wconf 65' lang='lat' dir='ltr'><strong>vide</strong></span> <span class='ocrx_word' id='word_1_58' title='bbox 316 1082 351 1144; x_wconf 84' lang='grc' dir='ltr'><strong>εἰι</strong></span> <span class='ocrx_word' id='word_1_59' title='bbox 382 1081 436 1163; x_wconf 80' lang='grc' dir='ltr'><strong>τῆς</strong></span> <span class='ocrx_word' id='word_1_60' title='bbox 463 1074 605 1161; x_wconf 85' lang='grc' dir='ltr'><strong><em>χαγάνοο</em></strong></span> <span class='ocrx_word' id='word_1_61' title='bbox 640 1079 696 1159; x_wconf 76' lang='grc' dir='ltr'><strong>τῆς</strong></span> <span class='ocrx_word' id='word_1_62' title='bbox 717 1076 874 1160; x_wconf 83' lang='grc' dir='ltr'><strong><em>Χαζάρας</em></strong></span> <span class='ocrx_word' id='word_1_63' title='bbox 904 1071 1072 1160; x_wconf 71' lang='grc' dir='ltr'><strong><em>θυγατρός,</em></strong></span> <span class='ocrx_word' id='word_1_64' title='bbox 1093 1072 1130 1139; x_wconf 79' lang='grc' dir='ltr'><strong><em>δν</em></strong></span> 
     </span>
     <span class='ocr_line' id='line_1_9' title="bbox 58 1172 1130 1263; baseline -0.005 -21"><span class='ocrx_word' id='word_1_65' title='bbox 58 1177 226 1258; x_wconf 74' lang='grc' dir='ltr'><strong><em>ἐπωνόμασε</em></strong></span> <span class='ocrx_word' id='word_1_66' title='bbox 246 1181 389 1244; x_wconf 55' lang='grc' dir='ltr'><strong><em>Λέοντος</em></strong></span> <span class='ocrx_word' id='word_1_67' title='bbox 405 1178 556 1261; x_wconf 72' lang='grc' dir='ltr'><strong><em>ἐπαρθείς</em></strong></span> <span class='ocrx_word' id='word_1_68' title='bbox 576 1179 611 1240; x_wconf 78' lang='grc' dir='ltr'><strong>δὲ</strong></span> <span class='ocrx_word' id='word_1_69' title='bbox 632 1180 677 1263; x_wconf 71' lang='grc' dir='ltr'><strong>τῷ</strong></span> <span class='ocrx_word' id='word_1_70' title='bbox 699 1172 879 1261; x_wconf 66' lang='grc' dir='ltr'><strong><em>φρονήματι</em></strong></span> <span class='ocrx_word' id='word_1_71' title='bbox 902 1174 956 1240; x_wconf 85' lang='grc' dir='ltr'><strong>διά</strong></span> <span class='ocrx_word' id='word_1_72' title='bbox 976 1174 1035 1259; x_wconf 75' lang='grc' dir='ltr'><strong><em>τὴν</em></strong></span> <span class='ocrx_word' id='word_1_73' title='bbox 1055 1176 1130 1256; x_wconf 86' lang='grc' dir='ltr'><strong><em>παρ’</em></strong></span> 
     </span>
     <span class='ocr_line' id='line_1_10' title="bbox 59 1271 1131 1363; baseline -0.007 -24"><span class='ocrx_word' id='word_1_74' title='bbox 59 1278 143 1341; x_wconf 84' lang='grc' dir='ltr'><strong><em>ούτοῦ</em></strong></span> <span class='ocrx_word' id='word_1_75' title='bbox 158 1275 323 1360; x_wconf 73' lang='grc' dir='ltr'><em>γενομένην</em></span> <span class='ocrx_word' id='word_1_76' title='bbox 343 1280 431 1363; x_wconf 74' lang='grc' dir='ltr'><strong><em>νίκην</em></strong></span> <span class='ocrx_word' id='word_1_77' title='bbox 451 1276 582 1342; x_wconf 78' lang='grc' dir='ltr'><strong><em>σύνοδον</em></strong></span> <span class='ocrx_word' id='word_1_78' title='bbox 611 1273 758 1358; x_wconf 73' lang='grc' dir='ltr'><strong><em>άθροίζει</em></strong></span> <span class='ocrx_word' id='word_1_79' title='bbox 779 1273 856 1340; x_wconf 82' lang='grc' dir='ltr'><strong><em>κατά</em></strong></span> <span class='ocrx_word' id='word_1_80' title='bbox 878 1278 941 1339; x_wconf 77' lang='grc' dir='ltr'><strong><em>τῶν</em></strong></span> <span class='ocrx_word' id='word_1_81' title='bbox 965 1271 1062 1360; x_wconf 79' lang='grc' dir='ltr'><strong><em>άγίοον</em></strong></span> <span class='ocrx_word' id='word_1_82' title='bbox 1084 1273 1131 1338; x_wconf 75' lang='grc' dir='ltr'><strong>εἰ.</strong></span> 
     </span>
     <span class='ocr_line' id='line_1_11' title="bbox 32 1368 1131 1462; baseline 0 -24"><span class='ocrx_word' id='word_1_83' title='bbox 32 1376 141 1440; x_wconf 74' lang='lat' dir='ltr'><strong>tuum</strong></span> <span class='ocrx_word' id='word_1_84' title='bbox 160 1378 192 1440; x_wconf 78' lang='grc' dir='ltr'><strong><em>ἐν</em></strong></span> <span class='ocrx_word' id='word_1_85' title='bbox 212 1379 431 1461; x_wconf 81' lang='grc' dir='ltr'><strong><em>Βλαχέρναις,</em></strong></span> <span class='ocrx_word' id='word_1_86' title='bbox 453 1378 509 1440; x_wconf 82' lang='grc' dir='ltr'><strong><em>καί</em></strong></span> <span class='ocrx_word' id='word_1_87' title='bbox 529 1373 672 1439; x_wconf 76' lang='grc' dir='ltr'><strong><em>α’ντλβάν</em></strong></span> <span class='ocrx_word' id='word_1_88' title='bbox 706 1375 855 1456; x_wconf 76' lang='grc' dir='ltr'><strong><em>ἀθέσμοις</em></strong></span> <span class='ocrx_word' id='word_1_89' title='bbox 877 1375 911 1440; x_wconf 78' lang='grc' dir='ltr'><strong><em>ἐν</em></strong></span> <span class='ocrx_word' id='word_1_90' title='bbox 930 1377 974 1462; x_wconf 76' lang='grc' dir='ltr'><strong>τῷ</strong></span> <span class='ocrx_word' id='word_1_91' title='bbox 996 1368 1131 1457; x_wconf 80' lang='grc' dir='ltr'><strong><em>άμβοονι,</em></strong></span> 
     </span>
     <span class='ocr_line' id='line_1_12' title="bbox 57 1468 1133 1560; baseline 0.004 -24"><span class='ocrx_word' id='word_1_92' title='bbox 57 1479 254 1556; x_wconf 79' lang='grc' dir='ltr'><strong><em>γειροιιραταῑν</em></strong></span> <span class='ocrx_word' id='word_1_93' title='bbox 267 1477 435 1540; x_wconf 70' lang='grc' dir='ltr'><strong><em>ἐπίσκοπον</em></strong></span> <span class='ocrx_word' id='word_1_94' title='bbox 447 1478 504 1540; x_wconf 78' lang='grc' dir='ltr'><strong>τοῦ</strong></span> <span class='ocrx_word' id='word_1_95' title='bbox 515 1478 665 1560; x_wconf 79' lang='grc' dir='ltr'><strong><em>Σνλαιόο,</em></strong></span> <span class='ocrx_word' id='word_1_96' title='bbox 680 1469 881 1559; x_wconf 64' lang='grc' dir='ltr'><strong><em>ἐξεφώνησαν</em></strong></span> <span class='ocrx_word' id='word_1_97' title='bbox 893 1468 994 1549; x_wconf 65' lang='lat' dir='ltr'><strong>adrosa</strong></span> <span class='ocrx_word' id='word_1_98' title='bbox 1014 1478 1133 1540; x_wconf 73' lang='lat' dir='ltr'><strong>“Kav-</strong></span> 
     </span>
     <span class='ocr_line' id='line_1_13' title="bbox 58 1565 1133 1660; baseline 0.002 -22"><span class='ocrx_word' id='word_1_99' title='bbox 58 1576 202 1638; x_wconf 79' lang='grc' dir='ltr'><strong><em>οτανιίνον</em></strong></span> <span class='ocrx_word' id='word_1_100' title='bbox 224 1575 439 1655; x_wconf 81' lang='grc' dir='ltr'><strong><em>οιίιοομενιιιού</em></strong></span> <span class='ocrx_word' id='word_1_101' title='bbox 457 1569 657 1658; x_wconf 81' lang='grc' dir='ltr'><strong><em>πατριάρχου</em></strong></span> <span class='ocrx_word' id='word_1_102' title='bbox 673 1571 771 1641; x_wconf 66' lang='lat' dir='ltr'><strong>aaut</strong></span> <span class='ocrx_word' id='word_1_103' title='bbox 792 1573 831 1640; x_wconf 81' lang='grc' dir='ltr'><strong>τά</strong></span> <span class='ocrx_word' id='word_1_104' title='bbox 851 1571 934 1660; x_wconf 51' lang='lat' dir='ltr'><strong>deq?</strong></span> <span class='ocrx_word' id='word_1_105' title='bbox 975 1575 1009 1638; x_wconf 80' lang='grc' dir='ltr'><strong><em>ἐν</em></strong></span> <span class='ocrx_word' id='word_1_106' title='bbox 1029 1565 1051 1660; x_wconf 82' lang='grc' dir='ltr'><strong><em>ᾗ</em></strong></span> <span class='ocrx_word' id='word_1_107' title='bbox 1071 1599 1133 1640; x_wconf 83' lang='grc' dir='ltr'><strong><em>σν-</em></strong></span> 
     </span>
     <span class='ocr_line' id='line_1_14' title="bbox 58 1669 1133 1760; baseline -0.001 -25"><span class='ocrx_word' id='word_1_108' title='bbox 58 1671 124 1760; x_wconf 70' lang='lat' dir='ltr'><strong>sidu</strong></span> <span class='ocrx_word' id='word_1_109' title='bbox 144 1669 242 1736; x_wconf 77' lang='grc' dir='ltr'><strong><em>πολλοὶ</em></strong></span> <span class='ocrx_word' id='word_1_110' title='bbox 262 1671 341 1737; x_wconf 84' lang='grc' dir='ltr'><strong><em>κατά</em></strong></span> <span class='ocrx_word' id='word_1_111' title='bbox 362 1677 420 1738; x_wconf 86' lang='grc' dir='ltr'><strong>τού</strong></span> <span class='ocrx_word' id='word_1_112' title='bbox 437 1677 550 1758; x_wconf 66' lang='lat' dir='ltr'><strong>soalon</strong></span> <span class='ocrx_word' id='word_1_113' title='bbox 564 1671 826 1755; x_wconf 77' lang='grc' dir='ltr'><strong><em>κενολογήσαντες</em></strong></span> <span class='ocrx_word' id='word_1_114' title='bbox 848 1671 877 1737; x_wconf 82' lang='grc' dir='ltr'><strong>οἱ</strong></span> <span class='ocrx_word' id='word_1_115' title='bbox 895 1671 990 1758; x_wconf 79' lang='grc' dir='ltr'><strong><em>ἱερεῖς</em></strong></span> <span class='ocrx_word' id='word_1_116' title='bbox 1007 1677 1063 1757; x_wconf 77' lang='grc' dir='ltr'><strong>τῆς</strong></span> <span class='ocrx_word' id='word_1_117' title='bbox 1083 1676 1133 1740; x_wconf 74' lang='grc' dir='ltr'><strong>αἱ.</strong></span> 
     </span>
     <span class='ocr_line' id='line_1_15' title="bbox 59 1766 1133 1860; baseline 0.006 -26"><span class='ocrx_word' id='word_1_118' title='bbox 59 1769 170 1856; x_wconf 83' lang='grc' dir='ltr'><strong><em>σχύνης,</em></strong></span> <span class='ocrx_word' id='word_1_119' title='bbox 188 1774 244 1836; x_wconf 85' lang='grc' dir='ltr'><strong><em>καί</em></strong></span> <span class='ocrx_word' id='word_1_120' title='bbox 262 1769 318 1848; x_wconf 86' lang='grc' dir='ltr'><strong>τάς</strong></span> <span class='ocrx_word' id='word_1_121' title='bbox 339 1770 458 1856; x_wconf 83' lang='grc' dir='ltr'><strong><em>μιαράς</em></strong></span> <span class='ocrx_word' id='word_1_122' title='bbox 468 1780 580 1856; x_wconf 80' lang='grc' dir='ltr'><strong><em>χεῖρας</em></strong></span> <span class='ocrx_word' id='word_1_123' title='bbox 600 1769 741 1853; x_wconf 80' lang='grc' dir='ltr'><strong><em>εἶςύψος</em></strong></span> <span class='ocrx_word' id='word_1_124' title='bbox 760 1766 903 1857; x_wconf 75' lang='grc' dir='ltr'><strong><em>ἄραντες,</em></strong></span> <span class='ocrx_word' id='word_1_125' title='bbox 925 1771 1058 1860; x_wconf 79' lang='grc' dir='ltr'><strong><em>ἕρρηξαν</em></strong></span> <span class='ocrx_word' id='word_1_126' title='bbox 1075 1774 1133 1860; x_wconf 73' lang='grc' dir='ltr'><strong><em>τήν</em></strong></span> 
     </span>
     <span class='ocr_line' id='line_1_16' title="bbox 33 1868 1132 1964; baseline 0.01 -35"><span class='ocrx_word' id='word_1_127' title='bbox 33 1871 179 1956; x_wconf 79' lang='grc' dir='ltr'><strong><em>15ὲλεείνην</em></strong></span> <span class='ocrx_word' id='word_1_128' title='bbox 191 1875 312 1956; x_wconf 71' lang='grc' dir='ltr'><strong><em>ἐκείνην</em></strong></span> <span class='ocrx_word' id='word_1_129' title='bbox 330 1873 438 1957; x_wconf 78' lang='grc' dir='ltr'><strong><em>φωνήν</em></strong></span> <span class='ocrx_word' id='word_1_130' title='bbox 463 1873 601 1954; x_wconf 76' lang='grc' dir='ltr'><strong><em>λέγοντες</em></strong></span> <span class='ocrx_word' id='word_1_131' title='bbox 623 1868 779 1956; x_wconf 49' lang='grc' dir='ltr'><strong><em>’(σὴμερον</em></strong></span> <span class='ocrx_word' id='word_1_132' title='bbox 794 1873 934 1958; x_wconf 75' lang='grc' dir='ltr'><strong><em>σωτηρία</em></strong></span> <span class='ocrx_word' id='word_1_133' title='bbox 956 1877 1001 1963; x_wconf 74' lang='grc' dir='ltr'><strong>τρῖ</strong></span> <span class='ocrx_word' id='word_1_134' title='bbox 1017 1876 1132 1964; x_wconf 81' lang='grc' dir='ltr'><strong><em>κόσμῳ,</em></strong></span> 
     </span>
     <span class='ocr_line' id='line_1_17' title="bbox 60 1963 937 2054; baseline 0.009 -24"><span class='ocrx_word' id='word_1_135' title='bbox 60 1963 100 2033; x_wconf 82' lang='lat' dir='ltr'><strong>du</strong></span> <span class='ocrx_word' id='word_1_136' title='bbox 117 1969 155 2035; x_wconf 90' lang='grc' dir='ltr'><strong>σύ</strong></span> <span class='ocrx_word' id='word_1_137' title='bbox 176 1975 310 2051; x_wconf 81' lang='grc' dir='ltr'><strong><em>βασιλεύ</em></strong></span> <span class='ocrx_word' id='word_1_138' title='bbox 330 1971 500 2054; x_wconf 70' lang='lat' dir='ltr'><strong>diaconiam</strong></span> <span class='ocrx_word' id='word_1_139' title='bbox 521 1970 605 2054; x_wconf 79' lang='grc' dir='ltr'><strong>ἡμᾶς</strong></span> <span class='ocrx_word' id='word_1_140' title='bbox 629 1974 663 2036; x_wconf 73' lang='grc' dir='ltr'><strong>ἐκ</strong></span> <span class='ocrx_word' id='word_1_141' title='bbox 685 1973 750 2038; x_wconf 75' lang='grc' dir='ltr'><strong><em>τῶν</em></strong></span> <span class='ocrx_word' id='word_1_142' title='bbox 768 1972 937 2038; x_wconf 73' lang='grc' dir='ltr'><strong><em>εἰδώλων.”</em></strong></span> 
     </span>
    </p>

    <p class='ocr_par' dir='ltr' id='par_1_3' title="bbox 60 2064 1134 2355">
     <span class='ocr_line' id='line_1_18' title="bbox 132 2064 1131 2156; baseline 0.002 -22"><span class='ocrx_word' id='word_1_143' title='bbox 132 2074 238 2135; x_wconf 75' lang='grc' dir='ltr'><strong><em>Ταῦτα</em></strong></span> <span class='ocrx_word' id='word_1_144' title='bbox 253 2069 428 2154; x_wconf 75' lang='grc' dir='ltr'><strong><em>ἐπράξαντο</em></strong></span> <span class='ocrx_word' id='word_1_145' title='bbox 451 2067 481 2134; x_wconf 77' lang='grc' dir='ltr'><strong>οἱ</strong></span> <span class='ocrx_word' id='word_1_146' title='bbox 502 2064 623 2156; x_wconf 76' lang='grc' dir='ltr'><strong><em>άνίεροι</em></strong></span> <span class='ocrx_word' id='word_1_147' title='bbox 644 2074 700 2134; x_wconf 82' lang='grc' dir='ltr'><strong><em>καί</em></strong></span> <span class='ocrx_word' id='word_1_148' title='bbox 710 2075 945 2156; x_wconf 80' lang='grc' dir='ltr'><strong><em>χριστέμποροι.</em></strong></span> <span class='ocrx_word' id='word_1_149' title='bbox 987 2073 1027 2136; x_wconf 87' lang='grc' dir='ltr'><strong>ού</strong></span> <span class='ocrx_word' id='word_1_150' title='bbox 1049 2070 1131 2136; x_wconf 81' lang='grc' dir='ltr'><strong><em>πολύ</em></strong></span> 
     </span>
     <span class='ocr_line' id='line_1_19' title="bbox 60 2167 1134 2260; baseline 0.004 -30"><span class='ocrx_word' id='word_1_151' title='bbox 60 2167 88 2230; x_wconf 82' lang='grc' dir='ltr'><strong>τά</strong></span> <span class='ocrx_word' id='word_1_152' title='bbox 112 2171 143 2234; x_wconf 81' lang='grc' dir='ltr'><strong><em>ἐν</em></strong></span> <span class='ocrx_word' id='word_1_153' title='bbox 169 2174 277 2260; x_wconf 79' lang='grc' dir='ltr'><strong><em>μέσῳ,</em></strong></span> <span class='ocrx_word' id='word_1_154' title='bbox 298 2172 355 2234; x_wconf 85' lang='grc' dir='ltr'><strong><em>καί</em></strong></span> <span class='ocrx_word' id='word_1_155' title='bbox 380 2169 493 2246; x_wconf 84' lang='grc' dir='ltr'><strong><em>άνάξια</em></strong></span> <span class='ocrx_word' id='word_1_156' title='bbox 521 2171 566 2245; x_wconf 83' lang='grc' dir='ltr'><strong>εἰς</strong></span> <span class='ocrx_word' id='word_1_157' title='bbox 597 2167 650 2236; x_wconf 80' lang='grc' dir='ltr'><strong>νύν</strong></span> <span class='ocrx_word' id='word_1_158' title='bbox 676 2170 935 2254; x_wconf 75' lang='grc' dir='ltr'><strong><em>χειροτονηθέντα</em></strong></span> <span class='ocrx_word' id='word_1_159' title='bbox 957 2167 1011 2234; x_wconf 73' lang='grc' dir='ltr'><strong>ὕπ’</strong></span> <span class='ocrx_word' id='word_1_160' title='bbox 1030 2172 1134 2236; x_wconf 75' lang='lat' dir='ltr'><strong>odacri</strong></span> 
     </span>
     <span class='ocr_line' id='line_1_20' title="bbox 60 2265 1133 2355; baseline 0.006 -27"><span class='ocrx_word' id='word_1_161' title='bbox 60 2267 241 2355; x_wconf 82' lang='grc' dir='ltr'><strong><em>πατριάρχην</em></strong></span> <span class='ocrx_word' id='word_1_162' title='bbox 262 2267 469 2352; x_wconf 77' lang='grc' dir='ltr'><strong>διεπράξαντο</strong></span> <span class='ocrx_word' id='word_1_163' title='bbox 490 2267 577 2352; x_wconf 79' lang='grc' dir='ltr'><strong><em>ἔργα.</em></strong></span> <span class='ocrx_word' id='word_1_164' title='bbox 617 2267 734 2350; x_wconf 75' lang='grc' dir='ltr'><strong><em>μαθών</em></strong></span> <span class='ocrx_word' id='word_1_165' title='bbox 758 2267 818 2354; x_wconf 88' lang='grc' dir='ltr'><strong>γάρ</strong></span> <span class='ocrx_word' id='word_1_166' title='bbox 841 2266 858 2332; x_wconf 80' lang='lat' dir='ltr'><strong>ri</strong></span> <span class='ocrx_word' id='word_1_167' title='bbox 881 2267 1025 2352; x_wconf 72' lang='lat' dir='ltr'><strong>diciorum</strong></span> <span class='ocrx_word' id='word_1_168' title='bbox 1048 2265 1133 2334; x_wconf 80' lang='grc' dir='ltr'><strong>ὅτιὸ</strong></span> 
     </span>
    </p>

    <p class='ocr_par' dir='ltr' id='par_1_4' title="bbox 33 2365 1135 2456">
     <span class='ocr_line' id='line_1_21' title="bbox 33 2365 1135 2456; baseline 0.009 -34"><span class='ocrx_word' id='word_1_169' title='bbox 33 2367 242 2454; x_wconf 69' lang='grc' dir='ltr'><strong><em>νθπατριάρχης</em></strong></span> <span class='ocrx_word' id='word_1_170' title='bbox 260 2367 396 2443; x_wconf 81' lang='grc' dir='ltr'><strong><em>πολλούς</em></strong></span> <span class='ocrx_word' id='word_1_171' title='bbox 417 2365 674 2454; x_wconf 78' lang='grc' dir='ltr'><strong><em>ε’πληροφάρησεν</em></strong></span> <span class='ocrx_word' id='word_1_172' title='bbox 705 2370 804 2434; x_wconf 80' lang='grc' dir='ltr'><strong><em>εἰπεῖν</em></strong></span> <span class='ocrx_word' id='word_1_173' title='bbox 821 2366 876 2434; x_wconf 83' lang='grc' dir='ltr'><strong><em>τὸν</em></strong></span> <span class='ocrx_word' id='word_1_174' title='bbox 898 2373 1033 2454; x_wconf 77' lang='grc' dir='ltr'><strong><em>βασιλέα</em></strong></span> <span class='ocrx_word' id='word_1_175' title='bbox 1053 2367 1135 2456; x_wconf 81' lang='grc' dir='ltr'><strong><em>αράς</em></strong></span> 
     </span>
    </p>
   </div>
   <div class='ocr_carea' id='block_1_3' title="bbox 62 2463 1137 2855">
    <p class='ocr_par' dir='ltr' id='par_1_5' title="bbox 62 2463 1137 2855">
     <span class='ocr_line' id='line_1_22' title="bbox 64 2463 1135 2555; baseline 0.007 -28"><span class='ocrx_word' id='word_1_176' title='bbox 64 2466 145 2531; x_wconf 87' lang='grc' dir='ltr'><strong><em>αύτὸν</em></strong></span> <span class='ocrx_word' id='word_1_177' title='bbox 163 2463 213 2534; x_wconf 86' lang='grc' dir='ltr'><strong>ύτι</strong></span> <span class='ocrx_word' id='word_1_178' title='bbox 237 2469 296 2532; x_wconf 85' lang='grc' dir='ltr'><strong>ούκ</strong></span> <span class='ocrx_word' id='word_1_179' title='bbox 317 2466 382 2534; x_wconf 75' lang='grc' dir='ltr'><strong><em>ἔστι</em></strong></span> <span class='ocrx_word' id='word_1_180' title='bbox 404 2467 477 2543; x_wconf 76' lang='grc' dir='ltr'><strong><em>θεὸς</em></strong></span> <span class='ocrx_word' id='word_1_181' title='bbox 502 2465 518 2530; x_wconf 82' lang='grc' dir='ltr'><strong><em>ά</em></strong></span> <span class='ocrx_word' id='word_1_182' title='bbox 541 2469 691 2551; x_wconf 78' lang='grc' dir='ltr'><strong><em>Χριστός,</em></strong></span> <span class='ocrx_word' id='word_1_183' title='bbox 712 2465 768 2535; x_wconf 89' lang='grc' dir='ltr'><strong>διά</strong></span> <span class='ocrx_word' id='word_1_184' title='bbox 789 2472 883 2534; x_wconf 83' lang='grc' dir='ltr'><strong><em>τούτο</em></strong></span> <span class='ocrx_word' id='word_1_185' title='bbox 904 2463 979 2534; x_wconf 81' lang='lat' dir='ltr'><strong>orire</strong></span> <span class='ocrx_word' id='word_1_186' title='bbox 999 2469 1054 2554; x_wconf 69' lang='grc' dir='ltr'><strong><em>τὴν</em></strong></span> <span class='ocrx_word' id='word_1_187' title='bbox 1072 2493 1135 2555; x_wconf 82' lang='grc' dir='ltr'><strong>μη-</strong></span> 
     </span>
     <span class='ocr_line' id='line_1_23' title="bbox 62 2563 1135 2655; baseline 0.001 -28"><span class='ocrx_word' id='word_1_188' title='bbox 62 2567 125 2648; x_wconf 75' lang='grc' dir='ltr'><strong><em>τέρα</em></strong></span> <span class='ocrx_word' id='word_1_189' title='bbox 143 2569 244 2632; x_wconf 84' lang='grc' dir='ltr'><strong><em>αύτού</em></strong></span> <span class='ocrx_word' id='word_1_190' title='bbox 264 2565 328 2651; x_wconf 80' lang='grc' dir='ltr'><strong><em>ἔχοι</em></strong></span> <span class='ocrx_word' id='word_1_191' title='bbox 347 2563 504 2648; x_wconf 75' lang='grc' dir='ltr'><strong><em>θεοτύκον,</em></strong></span> <span class='ocrx_word' id='word_1_192' title='bbox 527 2567 661 2652; x_wconf 77' lang='grc' dir='ltr'><strong><em>ἐξεμάνη</em></strong></span> <span class='ocrx_word' id='word_1_193' title='bbox 690 2574 759 2634; x_wconf 83' lang='grc' dir='ltr'><strong><em>κατ’</em></strong></span> <span class='ocrx_word' id='word_1_194' title='bbox 781 2569 879 2632; x_wconf 85' lang='grc' dir='ltr'><strong><em>αύτού</em></strong></span> <span class='ocrx_word' id='word_1_195' title='bbox 899 2567 942 2644; x_wconf 73' lang='grc' dir='ltr'><strong>ὥς</strong></span> <span class='ocrx_word' id='word_1_196' title='bbox 958 2567 993 2633; x_wconf 86' lang='grc' dir='ltr'><strong>τύ</strong></span> <span class='ocrx_word' id='word_1_197' title='bbox 1016 2571 1135 2655; x_wconf 69' lang='grc' dir='ltr'><strong><em>μοστὴ.</em></strong></span> 
     </span>
     <span class='ocr_line' id='line_1_24' title="bbox 65 2667 1137 2785; baseline 0.007 -59"><span class='ocrx_word' id='word_1_198' title='bbox 65 2687 119 2745; x_wconf 87' lang='grc' dir='ltr'><strong><em>ριον</em></strong></span> <span class='ocrx_word' id='word_1_199' title='bbox 135 2668 232 2733; x_wconf 86' lang='grc' dir='ltr'><strong><em>αύτοτῖ</em></strong></span> <span class='ocrx_word' id='word_1_200' title='bbox 252 2668 527 2785; x_wconf 61' lang='grc' dir='ltr'><strong><em>θριαμβεύσαντα,</em></strong></span> <span class='ocrx_word' id='word_1_201' title='bbox 556 2671 611 2733; x_wconf 82' lang='grc' dir='ltr'><strong><em>καί</em></strong></span> <span class='ocrx_word' id='word_1_202' title='bbox 631 2670 751 2744; x_wconf 69' lang='grc' dir='ltr'><strong><em>ἐπιδεῖς</em></strong></span> <span class='ocrx_word' id='word_1_203' title='bbox 772 2670 859 2758; x_wconf 76' lang='grc' dir='ltr'><strong><em>αύτῷ</em></strong></span> <span class='ocrx_word' id='word_1_204' title='bbox 878 2667 995 2743; x_wconf 79' lang='grc' dir='ltr'><strong><em>πολλάς</em></strong></span> <span class='ocrx_word' id='word_1_205' title='bbox 1016 2669 1137 2752; x_wconf 83' lang='grc' dir='ltr'><strong>πληγάς</strong></span> 
     </span>
     <span class='ocr_line' id='line_1_25' title="bbox 65 2765 1136 2855; baseline 0.006 -27"><span class='ocrx_word' id='word_1_206' title='bbox 65 2765 276 2851; x_wconf 76' lang='grc' dir='ltr'><strong><em>ἐθριάμβευσεν</em></strong></span> <span class='ocrx_word' id='word_1_207' title='bbox 302 2767 399 2836; x_wconf 84' lang='grc' dir='ltr'><strong><em>οντύν</em></strong></span> <span class='ocrx_word' id='word_1_208' title='bbox 431 2769 485 2836; x_wconf 78' lang='grc' dir='ltr'><strong>ἐπὶ</strong></span> <span class='ocrx_word' id='word_1_209' title='bbox 509 2769 591 2834; x_wconf 80' lang='grc' dir='ltr'><strong><em>λαοῦ</em></strong></span> <span class='ocrx_word' id='word_1_210' title='bbox 609 2771 663 2834; x_wconf 82' lang='grc' dir='ltr'><strong><em>καί</em></strong></span> <span class='ocrx_word' id='word_1_211' title='bbox 690 2765 902 2855; x_wconf 75' lang='grc' dir='ltr'><strong><em>ἱπποδρομίας</em></strong></span> <span class='ocrx_word' id='word_1_212' title='bbox 922 2767 1136 2852; x_wconf 82' lang='grc' dir='ltr'><strong><em>ἐμπτνύμενον</em></strong></span> 
     </span>
    </p>
   </div>
   <div class='ocr_carea' id='block_1_4' title="bbox 68 3049 1139 4260">
    <p class='ocr_par' dir='ltr' id='par_1_6' title="bbox 68 3049 1139 3833">
     <span class='ocr_line' id='line_1_26' title="bbox 68 3049 1137 3125; baseline 0.007 -25"><span class='ocrx_word' id='word_1_213' title='bbox 68 3049 243 3108; x_wconf 83' lang='lat' dir='ltr'><strong>Germaniciam</strong></span> <span class='ocrx_word' id='word_1_214' title='bbox 258 3053 611 3124; x_wconf 83' lang='lat' dir='ltr'><strong>invasit,Theodosiopolin</strong></span> <span class='ocrx_word' id='word_1_215' title='bbox 629 3055 820 3108; x_wconf 85' lang='lat' dir='ltr'><strong>etMelitenam</strong></span> <span class='ocrx_word' id='word_1_216' title='bbox 838 3057 981 3125; x_wconf 87' lang='lat' dir='ltr'><strong>occupavit</strong></span> <span class='ocrx_word' id='word_1_217' title='bbox 998 3061 1027 3108; x_wconf 86' lang='lat' dir='ltr'><strong>et</strong></span> <span class='ocrx_word' id='word_1_218' title='bbox 1044 3071 1137 3108; x_wconf 86' lang='lat' dir='ltr'><strong>omnes</strong></span> 
     </span>
     <span class='ocr_line' id='line_1_27' title="bbox 68 3123 1137 3196; baseline 0.006 -23"><span class='ocrx_word' id='word_1_219' title='bbox 68 3123 151 3178; x_wconf 83' lang='lat' dir='ltr'><strong>incolas</strong></span> <span class='ocrx_word' id='word_1_220' title='bbox 169 3127 249 3196; x_wconf 86' lang='lat' dir='ltr'><strong>cepit.</strong></span> <span class='ocrx_word' id='word_1_221' title='bbox 284 3128 430 3196; x_wconf 86' lang='lat' dir='ltr'><strong>imperator</strong></span> <span class='ocrx_word' id='word_1_222' title='bbox 446 3125 569 3178; x_wconf 81' lang='lat' dir='ltr'><strong>morbum</strong></span> <span class='ocrx_word' id='word_1_223' title='bbox 596 3143 700 3178; x_wconf 81' lang='lat' dir='ltr'><strong>causam</strong></span> <span class='ocrx_word' id='word_1_224' title='bbox 721 3127 861 3195; x_wconf 78' lang='lat' dir='ltr'><strong>proferens</strong></span> <span class='ocrx_word' id='word_1_225' title='bbox 880 3125 1020 3179; x_wconf 81' lang='lat' dir='ltr'><strong>Armenios</strong></span> <span class='ocrx_word' id='word_1_226' title='bbox 1037 3135 1066 3178; x_wconf 87' lang='lat' dir='ltr'><strong>et</strong></span> <span class='ocrx_word' id='word_1_227' title='bbox 1085 3127 1137 3192; x_wconf 82' lang='lat' dir='ltr'><strong>Sy·</strong></span> 
     </span>
     <span class='ocr_line' id='line_1_28' title="bbox 69 3195 1135 3266; baseline 0.005 -24"><span class='ocrx_word' id='word_1_228' title='bbox 69 3210 102 3244; x_wconf 91' lang='lat' dir='ltr'><strong>ros</strong></span> <span class='ocrx_word' id='word_1_229' title='bbox 116 3195 268 3260; x_wconf 84' lang='lat' dir='ltr'><strong>haereticos,</strong></span> <span class='ocrx_word' id='word_1_230' title='bbox 286 3198 340 3249; x_wconf 87' lang='lat' dir='ltr'><strong>sibi</strong></span> <span class='ocrx_word' id='word_1_231' title='bbox 359 3206 497 3266; x_wconf 83' lang='lat' dir='ltr'><strong>cognatos,</strong></span> <span class='ocrx_word' id='word_1_232' title='bbox 518 3197 674 3264; x_wconf 79' lang='lat' dir='ltr'><strong>Byzantium</strong></span> <span class='ocrx_word' id='word_1_233' title='bbox 692 3196 812 3250; x_wconf 80' lang='lat' dir='ltr'>traduxit</span> <span class='ocrx_word' id='word_1_234' title='bbox 832 3205 861 3250; x_wconf 85' lang='lat' dir='ltr'><strong>et</strong></span> <span class='ocrx_word' id='word_1_235' title='bbox 874 3200 903 3250; x_wconf 89' lang='lat' dir='ltr'><strong>in</strong></span> <span class='ocrx_word' id='word_1_236' title='bbox 920 3197 1070 3259; x_wconf 76' lang='lat' dir='ltr'>Thraciam,</span> <span class='ocrx_word' id='word_1_237' title='bbox 1089 3195 1135 3248; x_wconf 88' lang='lat' dir='ltr'><strong>uhi</strong></span> 
     </span>
     <span class='ocr_line' id='line_1_29' title="bbox 69 3267 1136 3337; baseline 0.005 -25"><span class='ocrx_word' id='word_1_238' title='bbox 69 3279 125 3318; x_wconf 86' lang='lat' dir='ltr'><strong>nunc</strong></span> <span class='ocrx_word' id='word_1_239' title='bbox 149 3271 227 3320; x_wconf 89' lang='lat' dir='ltr'><strong>etiam</strong></span> <span class='ocrx_word' id='word_1_240' title='bbox 257 3268 366 3335; x_wconf 79' lang='lat' dir='ltr'><strong>tyranni</strong></span> <span class='ocrx_word' id='word_1_241' title='bbox 389 3268 516 3320; x_wconf 87' lang='lat' dir='ltr'><strong>haeresin</strong></span> <span class='ocrx_word' id='word_1_242' title='bbox 541 3277 676 3320; x_wconf 76' lang='lat' dir='ltr'><strong>exercent.</strong></span> <span class='ocrx_word' id='word_1_243' title='bbox 725 3277 805 3320; x_wconf 85' lang='lat' dir='ltr'><strong>natus</strong></span> <span class='ocrx_word' id='word_1_244' title='bbox 827 3276 869 3321; x_wconf 85' lang='lat' dir='ltr'><strong>est</strong></span> <span class='ocrx_word' id='word_1_245' title='bbox 888 3286 920 3322; x_wconf 90' lang='lat' dir='ltr'><strong>eo</strong></span> <span class='ocrx_word' id='word_1_246' title='bbox 939 3278 1061 3337; x_wconf 85' lang='lat' dir='ltr'><strong>tempore</strong></span> <span class='ocrx_word' id='word_1_247' title='bbox 1078 3267 1136 3334; x_wconf 80' lang='lat' dir='ltr'><strong>regi</strong></span> 
     </span>
     <span class='ocr_line' id='line_1_30' title="bbox 69 3334 1137 3407; baseline 0.005 -24"><span class='ocrx_word' id='word_1_248' title='bbox 69 3334 125 3388; x_wconf 86' lang='lat' dir='ltr'><strong>iilius</strong></span> <span class='ocrx_word' id='word_1_249' title='bbox 142 3356 171 3390; x_wconf 75' lang='lat' dir='ltr'><strong>es</strong></span> <span class='ocrx_word' id='word_1_250' title='bbox 188 3339 301 3407; x_wconf 78' lang='lat' dir='ltr'><strong>chagani</strong></span> <span class='ocrx_word' id='word_1_251' title='bbox 316 3338 447 3392; x_wconf 80' lang='lat' dir='ltr'><strong>Charmae</strong></span> <span class='ocrx_word' id='word_1_252' title='bbox 465 3339 530 3400; x_wconf 85' lang='lat' dir='ltr'><strong>filia,</strong></span> <span class='ocrx_word' id='word_1_253' title='bbox 550 3354 631 3407; x_wconf 85' lang='lat' dir='ltr'><strong>quem</strong></span> <span class='ocrx_word' id='word_1_254' title='bbox 642 3339 760 3390; x_wconf 81' lang='lat' dir='ltr'><strong>Leonem</strong></span> <span class='ocrx_word' id='word_1_255' title='bbox 777 3339 890 3390; x_wconf 87' lang='lat' dir='ltr'><strong>vocavit.</strong></span> <span class='ocrx_word' id='word_1_256' title='bbox 927 3341 1029 3390; x_wconf 83' lang='lat' dir='ltr'><strong>efflatus</strong></span> <span class='ocrx_word' id='word_1_257' title='bbox 1046 3345 1137 3389; x_wconf 88' lang='lat' dir='ltr'><strong>autem</strong></span> 
     </span>
     <span class='ocr_line' id='line_1_31' title="bbox 68 3406 1137 3477; baseline 0.003 -23"><span class='ocrx_word' id='word_1_258' title='bbox 68 3406 160 3460; x_wconf 81' lang='lat' dir='ltr'><strong>victoria</strong></span> <span class='ocrx_word' id='word_1_259' title='bbox 176 3413 266 3462; x_wconf 87' lang='lat' dir='ltr'><strong>animo</strong></span> <span class='ocrx_word' id='word_1_260' title='bbox 285 3410 416 3477; x_wconf 80' lang='lat' dir='ltr'><strong>synodum</strong></span> <span class='ocrx_word' id='word_1_261' title='bbox 434 3410 463 3461; x_wconf 84' lang='lat' dir='ltr'><strong>iu</strong></span> <span class='ocrx_word' id='word_1_262' title='bbox 480 3407 633 3462; x_wconf 82' lang='lat' dir='ltr'><strong>Blachernis</strong></span> <span class='ocrx_word' id='word_1_263' title='bbox 650 3408 746 3462; x_wconf 86' lang='lat' dir='ltr'><strong>habuit</strong></span> <span class='ocrx_word' id='word_1_264' title='bbox 762 3418 855 3460; x_wconf 87' lang='lat' dir='ltr'><strong>contra</strong></span> <span class='ocrx_word' id='word_1_265' title='bbox 873 3418 965 3460; x_wconf 84' lang='lat' dir='ltr'><strong>sancta</strong></span> <span class='ocrx_word' id='word_1_266' title='bbox 984 3409 1137 3470; x_wconf 85' lang='lat' dir='ltr'><strong>simulacra,</strong></span> 
     </span>
     <span class='ocr_line' id='line_1_32' title="bbox 70 3479 1139 3550; baseline 0.006 -26"><span class='ocrx_word' id='word_1_267' title='bbox 70 3484 93 3526; x_wconf 84' lang='lat' dir='ltr'><strong>et</strong></span> <span class='ocrx_word' id='word_1_268' title='bbox 107 3489 187 3531; x_wconf 90' lang='lat' dir='ltr'><strong>contra</strong></span> <span class='ocrx_word' id='word_1_269' title='bbox 204 3482 290 3548; x_wconf 81' lang='lat' dir='ltr'><strong>legem</strong></span> <span class='ocrx_word' id='word_1_270' title='bbox 309 3482 337 3532; x_wconf 88' lang='lat' dir='ltr'><strong>in</strong></span> <span class='ocrx_word' id='word_1_271' title='bbox 357 3479 500 3532; x_wconf 78' lang='lat' dir='ltr'><strong>ambonem</strong></span> <span class='ocrx_word' id='word_1_272' title='bbox 518 3480 639 3531; x_wconf 82' lang='lat' dir='ltr'><strong>ascendit</strong></span> <span class='ocrx_word' id='word_1_273' title='bbox 657 3481 745 3547; x_wconf 90' lang='lat' dir='ltr'><strong>Sylaci</strong></span> <span class='ocrx_word' id='word_1_274' title='bbox 764 3481 920 3550; x_wconf 89' lang='lat' dir='ltr'><strong>episcopum</strong></span> <span class='ocrx_word' id='word_1_275' title='bbox 941 3497 1020 3530; x_wconf 85' lang='lat' dir='ltr'><strong>manu</strong></span> <span class='ocrx_word' id='word_1_276' title='bbox 1040 3488 1139 3530; x_wconf 86' lang='lat' dir='ltr'><strong>tenens</strong></span> 
     </span>
     <span class='ocr_line' id='line_1_33' title="bbox 70 3548 1137 3620; baseline 0.006 -26"><span class='ocrx_word' id='word_1_277' title='bbox 70 3553 94 3596; x_wconf 86' lang='lat' dir='ltr'><strong>et</strong></span> <span class='ocrx_word' id='word_1_278' title='bbox 107 3548 188 3602; x_wconf 84' lang='lat' dir='ltr'><strong>dicens</strong></span> <span class='ocrx_word' id='word_1_279' title='bbox 206 3551 310 3604; x_wconf 85' lang='lat' dir='ltr'><strong>“multa</strong></span> <span class='ocrx_word' id='word_1_280' title='bbox 330 3552 386 3605; x_wconf 87' lang='lat' dir='ltr'><strong>sint</strong></span> <span class='ocrx_word' id='word_1_281' title='bbox 404 3551 468 3602; x_wconf 83' lang='lat' dir='ltr'><strong>suni</strong></span> <span class='ocrx_word' id='word_1_282' title='bbox 487 3551 657 3602; x_wconf 73' lang='lat' dir='ltr'><strong>Constantini</strong></span> <span class='ocrx_word' id='word_1_283' title='bbox 677 3551 842 3602; x_wconf 83' lang='lat' dir='ltr'><strong>oecumenici</strong></span> <span class='ocrx_word' id='word_1_284' title='bbox 863 3553 1003 3620; x_wconf 87' lang='lat' dir='ltr'><strong>episcopi.”</strong></span> <span class='ocrx_word' id='word_1_285' title='bbox 1024 3549 1052 3600; x_wconf 92' lang='lat' dir='ltr'><strong>in</strong></span> <span class='ocrx_word' id='word_1_286' title='bbox 1071 3565 1137 3615; x_wconf 82' lang='lat' dir='ltr'><strong>syn-</strong></span> 
     </span>
     <span class='ocr_line' id='line_1_34' title="bbox 70 3617 1139 3675; baseline 0.005 -6"><span class='ocrx_word' id='word_1_287' title='bbox 70 3617 112 3668; x_wconf 83' lang='lat' dir='ltr'><strong>odo</strong></span> <span class='ocrx_word' id='word_1_288' title='bbox 128 3623 206 3674; x_wconf 88' lang='lat' dir='ltr'><strong>multa</strong></span> <span class='ocrx_word' id='word_1_289' title='bbox 233 3631 326 3675; x_wconf 90' lang='lat' dir='ltr'><strong>contra</strong></span> <span class='ocrx_word' id='word_1_290' title='bbox 344 3621 484 3673; x_wconf 89' lang='lat' dir='ltr'><strong>dominum</strong></span> <span class='ocrx_word' id='word_1_291' title='bbox 509 3639 576 3673; x_wconf 89' lang='lat' dir='ltr'><strong>vana</strong></span> <span class='ocrx_word' id='word_1_292' title='bbox 595 3621 722 3673; x_wconf 79' lang='lat' dir='ltr'><strong>dixerunt</strong></span> <span class='ocrx_word' id='word_1_293' title='bbox 748 3620 857 3672; x_wconf 80' lang='lat' dir='ltr'><strong>nefandi</strong></span> <span class='ocrx_word' id='word_1_294' title='bbox 878 3623 918 3674; x_wconf 89' lang='lat' dir='ltr'><strong>ilii</strong></span> <span class='ocrx_word' id='word_1_295' title='bbox 936 3619 1089 3673; x_wconf 73' lang='lat' dir='ltr'><strong>sacerdotes</strong></span> <span class='ocrx_word' id='word_1_296' title='bbox 1109 3628 1139 3674; x_wconf 78' lang='lat' dir='ltr'><strong>et</strong></span> 
     </span>
     <span class='ocr_line' id='line_1_35' title="bbox 70 3685 1139 3758; baseline 0.002 -18"><span class='ocrx_word' id='word_1_297' title='bbox 70 3685 166 3758; x_wconf 82' lang='lat' dir='ltr'><strong>impuras</strong></span> <span class='ocrx_word' id='word_1_298' title='bbox 187 3711 279 3744; x_wconf 88' lang='lat' dir='ltr'><strong>manus</strong></span> <span class='ocrx_word' id='word_1_299' title='bbox 299 3691 335 3744; x_wconf 90' lang='lat' dir='ltr'><strong>ad</strong></span> <span class='ocrx_word' id='word_1_300' title='bbox 352 3692 457 3745; x_wconf 87' lang='lat' dir='ltr'><strong>coelum</strong></span> <span class='ocrx_word' id='word_1_301' title='bbox 476 3692 604 3746; x_wconf 89' lang='lat' dir='ltr'><strong>tollentes</strong></span> <span class='ocrx_word' id='word_1_302' title='bbox 625 3693 715 3743; x_wconf 82' lang='lat' dir='ltr'><strong>sutilia</strong></span> <span class='ocrx_word' id='word_1_303' title='bbox 732 3693 813 3744; x_wconf 83' lang='lat' dir='ltr'><strong>verba</strong></span> <span class='ocrx_word' id='word_1_304' title='bbox 833 3691 960 3744; x_wconf 83' lang='lat' dir='ltr'><strong>dixerunt</strong></span> <span class='ocrx_word' id='word_1_305' title='bbox 976 3689 1076 3743; x_wconf 82' lang='lat' dir='ltr'><strong>“hodie</strong></span> <span class='ocrx_word' id='word_1_306' title='bbox 1093 3706 1139 3742; x_wconf 89' lang='lat' dir='ltr'><strong>sa·</strong></span> 
     </span>
     <span class='ocr_line' id='line_1_36' title="bbox 70 3755 815 3833; baseline 0.009 -27"><span class='ocrx_word' id='word_1_307' title='bbox 70 3755 217 3822; x_wconf 80' lang='lat' dir='ltr'><strong>hamando,</strong></span> <span class='ocrx_word' id='word_1_308' title='bbox 234 3763 362 3833; x_wconf 89' lang='lat' dir='ltr'><strong>quoniam</strong></span> <span class='ocrx_word' id='word_1_309' title='bbox 382 3772 412 3815; x_wconf 92' lang='lat' dir='ltr'><strong>tn</strong></span> <span class='ocrx_word' id='word_1_310' title='bbox 435 3779 481 3814; x_wconf 84' lang='lat' dir='ltr'><strong>rex</strong></span> <span class='ocrx_word' id='word_1_311' title='bbox 499 3762 580 3816; x_wconf 82' lang='lat' dir='ltr'><strong>idolis</strong></span> <span class='ocrx_word' id='word_1_312' title='bbox 598 3779 647 3814; x_wconf 87' lang='lat' dir='ltr'><strong>nos</strong></span> <span class='ocrx_word' id='word_1_313' title='bbox 666 3763 815 3813; x_wconf 75' lang='lat' dir='ltr'><strong>liberasti-&#39;¹</strong></span> 
     </span>
    </p>

    <p class='ocr_par' dir='ltr' id='par_1_7' title="bbox 70 3831 1137 4260">
     <span class='ocr_line' id='line_1_37' title="bbox 124 3831 1137 3904; baseline 0.002 -22"><span class='ocrx_word' id='word_1_314' title='bbox 124 3831 190 3885; x_wconf 85' lang='lat' dir='ltr'><strong>-Haec</strong></span> <span class='ocrx_word' id='word_1_315' title='bbox 206 3833 282 3904; x_wconf 88' lang='lat' dir='ltr'><strong>impii</strong></span> <span class='ocrx_word' id='word_1_316' title='bbox 314 3835 356 3886; x_wconf 86' lang='lat' dir='ltr'><strong>iili</strong></span> <span class='ocrx_word' id='word_1_317' title='bbox 377 3835 555 3902; x_wconf 83' lang='lat' dir='ltr'><strong>agitaverunt.</strong></span> <span class='ocrx_word' id='word_1_318' title='bbox 600 3849 690 3903; x_wconf 82' lang='lat' dir='ltr'><strong>neque</strong></span> <span class='ocrx_word' id='word_1_319' title='bbox 709 3832 803 3886; x_wconf 82' lang='lat' dir='ltr'><strong>multo</strong></span> <span class='ocrx_word' id='word_1_320' title='bbox 822 3840 884 3901; x_wconf 86' lang='lat' dir='ltr'><strong>post</strong></span> <span class='ocrx_word' id='word_1_321' title='bbox 911 3831 1021 3899; x_wconf 80' lang='lat' dir='ltr'><strong>indigna</strong></span> <span class='ocrx_word' id='word_1_322' title='bbox 1040 3832 1069 3884; x_wconf 91' lang='lat' dir='ltr'><strong>in</strong></span> <span class='ocrx_word' id='word_1_323' title='bbox 1087 3849 1137 3904; x_wconf 81' lang='lat' dir='ltr'><strong>pa·</strong></span> 
     </span>
     <span class='ocr_line' id='line_1_38' title="bbox 70 3898 1137 3973; baseline 0.009 -27"><span class='ocrx_word' id='word_1_324' title='bbox 70 3898 191 3954; x_wconf 88' lang='lat' dir='ltr'><strong>triarchum</strong></span> <span class='ocrx_word' id='word_1_325' title='bbox 209 3905 242 3956; x_wconf 87' lang='lat' dir='ltr'><strong>ah</strong></span> <span class='ocrx_word' id='word_1_326' title='bbox 261 3905 320 3972; x_wconf 89' lang='lat' dir='ltr'><strong>ipso</strong></span> <span class='ocrx_word' id='word_1_327' title='bbox 340 3904 455 3958; x_wconf 89' lang='lat' dir='ltr'><strong>electum</strong></span> <span class='ocrx_word' id='word_1_328' title='bbox 474 3904 561 3956; x_wconf 85' lang='lat' dir='ltr'><strong>edidit</strong></span> <span class='ocrx_word' id='word_1_329' title='bbox 578 3905 705 3955; x_wconf 80' lang='lat' dir='ltr'><strong>facinora.</strong></span> <span class='ocrx_word' id='word_1_330' title='bbox 746 3920 807 3956; x_wconf 88' lang='lat' dir='ltr'><strong>nam</strong></span> <span class='ocrx_word' id='word_1_331' title='bbox 826 3921 909 3973; x_wconf 91' lang='lat' dir='ltr'><strong>quum</strong></span> <span class='ocrx_word' id='word_1_332' title='bbox 929 3904 1072 3956; x_wconf 83' lang='lat' dir='ltr'><strong>sceleratus</strong></span> <span class='ocrx_word' id='word_1_333' title='bbox 1087 3904 1137 3956; x_wconf 81' lang='lat' dir='ltr'><strong>illa</strong></span> 
     </span>
     <span class='ocr_line' id='line_1_39' title="bbox 70 3974 1136 4045; baseline 0.006 -23"><span class='ocrx_word' id='word_1_334' title='bbox 70 3976 223 4040; x_wconf 69' lang='lat' dir='ltr'><strong>competierit,</strong></span> <span class='ocrx_word' id='word_1_335' title='bbox 243 3975 336 4026; x_wconf 87' lang='lat' dir='ltr'><strong>multis</strong></span> <span class='ocrx_word' id='word_1_336' title='bbox 359 3976 523 4045; x_wconf 87' lang='lat' dir='ltr'><strong>persuasisse</strong></span> <span class='ocrx_word' id='word_1_337' title='bbox 548 3974 742 4045; x_wconf 85' lang='lat' dir='ltr'><strong>patriarcham,</strong></span> <span class='ocrx_word' id='word_1_338' title='bbox 763 3989 852 4041; x_wconf 81' lang='lat' dir='ltr'><strong>regem</strong></span> <span class='ocrx_word' id='word_1_339' title='bbox 869 3989 982 4040; x_wconf 78' lang='lat' dir='ltr'><strong>negasse</strong></span> <span class='ocrx_word' id='word_1_340' title='bbox 1002 3974 1136 4028; x_wconf 82' lang='lat' dir='ltr'><strong>Christum</strong></span> 
     </span>
     <span class='ocr_line' id='line_1_40' title="bbox 71 4033 1137 4117; baseline 0.008 -27"><span class='ocrx_word' id='word_1_341' title='bbox 71 4033 134 4093; x_wconf 76' lang='lat' dir='ltr'><strong>druia</strong></span> <span class='ocrx_word' id='word_1_342' title='bbox 152 4062 204 4096; x_wconf 84' lang='lat' dir='ltr'><strong>esse</strong></span> <span class='ocrx_word' id='word_1_343' title='bbox 224 4063 312 4116; x_wconf 85' lang='lat' dir='ltr'><strong>neque</strong></span> <span class='ocrx_word' id='word_1_344' title='bbox 326 4054 468 4117; x_wconf 85' lang='lat' dir='ltr'><strong>propterea</strong></span> <span class='ocrx_word' id='word_1_345' title='bbox 486 4053 597 4098; x_wconf 89' lang='lat' dir='ltr'><strong>matrem</strong></span> <span class='ocrx_word' id='word_1_346' title='bbox 616 4046 675 4096; x_wconf 80' lang='lat' dir='ltr'><strong>eiua</strong></span> <span class='ocrx_word' id='word_1_347' title='bbox 703 4044 854 4096; x_wconf 86' lang='lat' dir='ltr'><strong>habendam</strong></span> <span class='ocrx_word' id='word_1_348' title='bbox 872 4044 1025 4113; x_wconf 66' lang='lat' dir='ltr'><strong>deiparam</strong></span> <span class='ocrx_word' id='word_1_349' title='bbox 1044 4056 1137 4098; x_wconf 89' lang='lat' dir='ltr'><strong>contra</strong></span> 
     </span>
     <span class='ocr_line' id='line_1_41' title="bbox 72 4114 1136 4186; baseline 0.004 -22"><span class='ocrx_word' id='word_1_350' title='bbox 72 4123 121 4161; x_wconf 65' lang='lat' dir='ltr'><strong>eum</strong></span> <span class='ocrx_word' id='word_1_351' title='bbox 137 4114 213 4168; x_wconf 87' lang='lat' dir='ltr'><strong>iurnit</strong></span> <span class='ocrx_word' id='word_1_352' title='bbox 230 4125 261 4173; x_wconf 87' lang='lat' dir='ltr'><strong>ut</strong></span> <span class='ocrx_word' id='word_1_353' title='bbox 273 4117 368 4168; x_wconf 85' lang='lat' dir='ltr'><strong>secreti</strong></span> <span class='ocrx_word' id='word_1_354' title='bbox 383 4117 557 4186; x_wconf 86' lang='lat' dir='ltr'><strong>proditorem,</strong></span> <span class='ocrx_word' id='word_1_355' title='bbox 577 4124 605 4169; x_wconf 85' lang='lat' dir='ltr'><strong>et</strong></span> <span class='ocrx_word' id='word_1_356' title='bbox 621 4116 713 4168; x_wconf 88' lang='lat' dir='ltr'><strong>multis</strong></span> <span class='ocrx_word' id='word_1_357' title='bbox 731 4115 887 4170; x_wconf 76' lang='lat' dir='ltr'><strong>verberibus</strong></span> <span class='ocrx_word' id='word_1_358' title='bbox 901 4116 927 4166; x_wconf 87' lang='lat' dir='ltr'><strong>ei</strong></span> <span class='ocrx_word' id='word_1_359' title='bbox 944 4115 1053 4170; x_wconf 82' lang='lat' dir='ltr'><strong>inflictis</strong></span> <span class='ocrx_word' id='word_1_360' title='bbox 1070 4134 1136 4168; x_wconf 89' lang='lat' dir='ltr'><strong>con-</strong></span> 
     </span>
     <span class='ocr_line' id='line_1_42' title="bbox 70 4186 1135 4260; baseline 0.001 -21"><span class='ocrx_word' id='word_1_361' title='bbox 70 4188 161 4246; x_wconf 70' lang='lat' dir='ltr'><strong>flputum</strong></span> <span class='ocrx_word' id='word_1_362' title='bbox 178 4203 236 4242; x_wconf 84' lang='lat' dir='ltr'><strong>eum</strong></span> <span class='ocrx_word' id='word_1_363' title='bbox 257 4195 285 4244; x_wconf 87' lang='lat' dir='ltr'><strong>et</strong></span> <span class='ocrx_word' id='word_1_364' title='bbox 302 4195 408 4260; x_wconf 84' lang='lat' dir='ltr'><strong>raptum</strong></span> <span class='ocrx_word' id='word_1_365' title='bbox 420 4205 519 4260; x_wconf 83' lang='lat' dir='ltr'><strong>pompa</strong></span> <span class='ocrx_word' id='word_1_366' title='bbox 536 4204 586 4258; x_wconf 85' lang='lat' dir='ltr'><strong>per</strong></span> <span class='ocrx_word' id='word_1_367' title='bbox 600 4187 732 4258; x_wconf 84' lang='lat' dir='ltr'><strong>populum</strong></span> <span class='ocrx_word' id='word_1_368' title='bbox 749 4195 778 4242; x_wconf 84' lang='lat' dir='ltr'><strong>et</strong></span> <span class='ocrx_word' id='word_1_369' title='bbox 794 4187 893 4240; x_wconf 87' lang='lat' dir='ltr'><strong>circum</strong></span> <span class='ocrx_word' id='word_1_370' title='bbox 911 4186 997 4240; x_wconf 76' lang='lat' dir='ltr'><strong>duait.</strong></span> <span class='ocrx_word' id='word_1_371' title='bbox 1036 4186 1135 4242; x_wconf 83' lang='lat' dir='ltr'><strong>deiude</strong></span> 
     </span>
    </p>
   </div>
   <div class='ocr_carea' id='block_1_5' title="bbox 0 0 1437 4898">
    <p class='ocr_par' dir='ltr' id='par_1_8' title="bbox 0 0 1437 4898">
     <span class='ocr_line' id='line_1_43' title="bbox 0 0 1437 4898; baseline 0 0"><span class='ocrx_word' id='word_1_372' title='bbox 0 0 1437 4898; x_wconf 95' lang='lat' dir='ltr'><strong> </strong></span> 
     </span>
    </p>
   </div>
  </div>
 </body>
</html>
