2834 4898
263 285 334 362 rso
562 266 732 379 [ononis
753 260 1055 375 unornane]

259 447 442 531 ἐδήμευσεν.
492 441 621 509 ἱππικὸν
652 445 696 516 δὲ,
714 439 849 524 ποιήσας
879 438 1020 524 derisore
1050 435 1106 504 τδν
1131 430 1334 520 Ἀρτύβασδοι

259 545 321 614 σύν
337 554 404 620 τοῖς
419 543 500 620 ολοῖς
519 545 631 627 astrue,
653 537 719 626 ἅμα
742 545 784 629 τῷ
795 540 976 627 πατριάρχῃ
994 535 1188 626 Ἀναστασύρ
1211 533 1335 609 καὶτοῖς

258 650 364 730 φίλοις
388 645 497 724 ositeri,
519 644 578 706 τού
590 641 792 728 πατριάρχου
813 638 867 704 int
885 632 960 706 ύνοο
978 634 1198 724 ἆντιστρύφοτς
1217 636 1308 712 καθεζ
1323 675 1336 696 .

257 745 361 825 μένου·
376 746 432 806 καί
451 745 700 822 πομπεοομδνον.
727 741 730 753 ’
747 733 837 814 οὗτος
855 737 915 824 γύρ
936 737 1116 821 περιπατεῖν
1139 737 1215 800 ποτὲ
1237 727 1336 798 ύπισθτ

259 845 290 908 Γ
287 847 426 924 ερμσνού
447 843 503 907 τοῦ
524 841 727 923 πατριάρχου
753 838 919 922 σύγκελλος
950 833 995 904 oia
1015 837 1147 924 ἐπάτησε
1165 837 1199 902 τὸ
1221 836 1355 922 maeoti-5

260 967 329 1024 ρισν
351 938 472 1007 αὐτοῦ·
524 937 540 1003 ὅ
571 942 606 1004 δὲ
628 938 834 1025 ἐπιστραφείς
854 937 916 1025 ἔφη
938 939 1026 1027 αύτῷ
1054 935 1116 1022 “μη“
1138 941 1273 1004 σπεῦδε·
1309 934 1336 1002 ri

258 1045 411 1108 Διίππιον
437 1043 603 1122 ἐκδέχεταί
628 1041 691 1108 σε.”
739 1039 832 1102 πάλιν
867 1041 902 1106 δὲ
931 1041 1172 1112 Κωνσταντῖνος
1201 1033 1245 1112 ὥς
1273 1032 1340 1117 tm·-

259 1163 364 1226 φρονα
385 1140 482 1204 αὐτοῦ
506 1132 599 1224 ὄντα,
628 1141 662 1202 ἐν
685 1137 806 1212 τούτοις
836 1137 1035 1222 ε’κφοβὴσας,
1059 1140 1093 1204 ἐν
1115 1140 1159 1224 τῷ
1177 1132 1279 1226 θρόνιρ
1296 1135 1341 1218 τῆς

262 1235 436 1322 ἱερωσύνης
461 1242 661 1321 καθίστησιν.
714 1240 765 1321 ἐφ’
788 1227 825 1298 οὗ
857 1230 974 1317 ἤρξατο
995 1235 1118 1318 α’θρύαν
1140 1239 1196 1300 καί
1215 1230 1341 1320 ἀοράτως

261 1346 378 1420 σημεῖα
409 1333 442 1401 ἔν
461 1360 495 1402 τε
524 1334 663 1418 ἱματίοις
694 1340 757 1400 τῶν
787 1333 962 1420 ἀνθρώπων
988 1340 1134 1418 γίνεσθαι
1165 1337 1222 1400 καί
1246 1336 1290 1410 είς
1307 1331 1371 1396 roilli

260 1439 324 1502 τῶν
351 1439 521 1522 ἐκκλησιῶν
549 1433 619 1519 ἱεροὶ
648 1437 829 1519 ἐνδύματα,
861 1434 996 1518 σταυροὶ
1017 1435 1179 1512 ἐλοιούδεις
1202 1441 1341 1510 πλεῖστοι,
1385 1466 1389 1494 ι

262 1534 319 1601 καί
339 1531 442 1610 ούτιος
460 1539 631 1617 κατέλαβεν
652 1536 671 1620 ἤ
692 1538 847 1620 θεομρνιά
865 1536 921 1600 τού
934 1535 1094 1616 βουβῶνος
1106 1532 1231 1618 λοιμικὴ
1252 1528 1342 1614 νόσος,

263 1638 302 1700 ου’
320 1632 417 1716 μόνον
438 1633 514 1711 τούς
535 1638 568 1698 ἐν
587 1635 629 1722 τῇ
648 1633 738 1699 πόλει
757 1633 838 1700 oillei
859 1633 915 1698 καί
933 1633 1006 1710 τούς
1027 1637 1061 1699 ἓν
1080 1642 1145 1710 τοῖς
1165 1631 1343 1720 περιχύροις

264 1737 365 1818 αὐτῆς
386 1735 496 1808 δειναῖς
526 1731 757 1818 α’λοθρεύονσα.
799 1736 855 1800 καί
882 1730 962 1815 πρὸς
985 1729 1109 1808 τούτοις
1142 1733 1279 1817 ἐγίνοντο
1300 1732 1345 1794 καί

265 1836 442 1918 φαντασίαι
460 1839 543 1907 τινὲς
565 1836 610 1908 εἰς
632 1832 766 1908 πολλούς
787 1836 847 1898 τοῖν
867 1834 1046 1917 ἀνθρώπων
1068 1834 1122 1897 καί
1134 1830 1267 1914 δείματά
1286 1839 1372 1898 astrati
1402 1894 1407 1905 ,

266 1933 401 2016 ἐξαίσια,
417 1931 445 1996 -δ
467 1930 497 1998 οἱ
515 1931 650 2017 δρῶντες
664 1933 844 2013 ἐτελεύτων,
867 1928 947 1998 οῗστε
968 1939 1022 1999 καί
1045 1929 1233 2020 ὁλοκλήρους
1254 1929 1344 2005 οἴκοις
1403 1946 1409 1988 ι

264 2034 450 2116 κλεισθῆναι
470 2033 628 2107 παντελῶς
659 2037 714 2097 ιιοί
741 2032 785 2116 μὴ
810 2028 891 2098 εἶναι
918 2030 992 2108 τούς
1019 2032 1204 2118 σ’φειλσντας
1223 2029 1345 2098 θάπτειν

263 2127 337 2208 τούς
357 2132 499 2212 νεκρούς.
550 2130 668 2210 παντὸς
693 2135 730 2198 δὲ
762 2131 848 2200 οἴκου
883 2134 1115 2218 διαφθαρέντος
1134 2129 1187 2196 διδ
1207 2128 1263 2215 τήν
1282 2132 1345 2193 rioi-

264 2234 358 2314 βειον
377 2236 436 2296 τοῦ
461 2236 636 2314 τυράννου,
662 2233 763 2297 πάντα
782 2230 835 2298 τὰν
856 2235 992 2296 πλοῦτον
1011 2235 1067 2316 τῆς
1086 2229 1206 2307 πόλεως
1226 2233 1287 2296 τοῖν
1308 2229 1345 2292 α’·

264 2328 407 2414 κητόροον
428 2335 609 2413 εἰσκομίσας
629 2335 663 2399 ε’ν
683 2335 729 2419 τῷ
744 2329 892 2420 ’παλατίιρ
914 2331 1060 2396 ἀπέθετο.
1103 2329 1229 2416 ἔφθασε
1249 2331 1284 2395 δὲ
1301 2327 1374 2390 solit
1412 2379 1413 2382 ,

264 2428 285 2512 ἡ
310 2428 385 2514 ὀργὴ
425 2433 470 2506 εἰς
486 2429 706 2501 Ἀναστάσιον,
721 2429 776 2496 τύν
798 2434 934 2515 ἀνίερον,
962 2433 1018 2496 καὶ
1036 2431 1179 2520 οἰκτίστῳ
1199 2425 1295 2494 πύθει
1311 2427 1345 2512 roi

264 2533 421 2618 λεγομένῳ
439 2533 596 2618 χορδαψρῑ
616 2529 767 2598 καταλύει
787 2531 843 2596 τὸν
862 2535 943 2613 βίον.

343 2623 380 2692 Ὁ
411 2630 447 2692 δὲ
467 2651 502 2710 γε
521 2628 673 2714 τύραννος
699 2633 761 2696 τῶν
788 2633 979 2714 Σαρακηνύν
1006 2631 1075 2694 κατ’
1096 2627 1238 2712 α’λλήλοσν
1256 2646 1346 2708 μσχο.

267 2728 371 2808 μένων
400 2727 537 2806 οἰκούσας
567 2729 766 2813 ε’κστροτεύτι
793 2728 873 2818 πρὸς
900 2730 939 2796 τὰ
967 2733 1048 2815 με’ρη
1075 2732 1130 2814 τῆς
1148 2731 1284 2814 Συρίας,
1302 2726 1348 2790 καί

268 2997 410 3054 Anastasio
429 3001 578 3070 patriarcha
596 3004 742 3076 amicisque
760 3007 818 3058 eius
835 3005 959 3070 obduxit,
978 3005 1129 3077 patriarcha
1153 3008 1183 3061 in
1200 3004 1275 3058 asino
1292 3019 1347 3073 per-

268 3087 345 3122 verse
368 3070 480 3137 seclente
497 3080 526 3125 et
542 3074 638 3141 ἰττίεος
658 3077 703 3130 hic
720 3077 801 3141 enim,
828 3095 888 3130 cum
910 3086 983 3131 esset
1006 3079 1148 3145 syncellus,
1167 3086 1230 3147 post
1247 3077 1346 3128 Germa-

268 3157 333 3192 num
352 3142 528 3210 patriarcham
549 3145 684 3214 quondam
705 3147 848 3212 incedens,
867 3149 981 3219 pallium
999 3150 1056 3202 τίοι
1075 3150 1290 3218 proculcaverat3
1306 3145 1347 3196 ille

268 3227 410 3264 veronese
436 3223 595 3268 convertens
620 3218 722 3278 “noli’'
749 3221 848 3289 inquit,
875 3219 1037 3287 “festinare3
1057 3219 1199 3288 Diippium
1219 3227 1245 3270 te
1262 3231 1346 3284 exspe-

270 3283 351 3334 ctat.''
388 3281 437 3335 sed
455 3286 553 3338 iterum
573 3286 765 3340 Constantinus
788 3307 850 3342 eum
869 3307 958 3342 secum
976 3292 1190 3343 consentientem
1212 3287 1296 3342 ethis
1313 3301 1347 3335 re·

268 3350 321 3404 bue
339 3355 560 3421 perterrefactum
585 3358 739 3427 episcopum
766 3359 839 3412 lecit.
875 3359 925 3412 sub
944 3360 1081 3414 eoeubito
1101 3363 1176 3429 signa
1193 3361 1222 3412 in
1240 3357 1347 3410 vestibus

267 3421 409 3506 hominum
430 3425 544 3478 existere
564 3440 713 3498 coeperunt
727 3433 784 3483 visu
803 3449 858 3484 non
877 3431 1036 3483 observante
1055 3441 1136 3501 etque
1149 3433 1179 3482 in
1197 3427 1347 3484 ecclesiasti-

268 3510 306 3577 φιτ
325 3497 404 3546 sacris
424 3497 592 3550 vestimentis
610 3501 734 3552 oleaceae
754 3518 844 3553 cruces
868 3502 1009 3570 plurimae,
1028 3510 1055 3554 et
1073 3503 1112 3553 ita
1129 3501 1174 3553 <lei
1194 3503 1233 3554 ira
1253 3498 1346 3556 invasit,

266 3565 386 3632 anguinis
412 3567 508 3619 morbo
533 3586 590 3620 non
618 3572 705 3623 soleam
735 3571 809 3624 urbis
829 3573 947 3637 incolas,
973 3571 1120 3626 sedetiam
1146 3567 1346 3624 circumiacentis

267 3635 384 3702 regionis
402 3639 472 3688 male
491 3639 635 3710 perdente;
663 3637 754 3693 inultis
779 3641 934 3695 horninibus
958 3643 1042 3695 etiam
1059 3645 1116 3698 visa
1141 3643 1234 3695 oblata
1251 3647 1309 3694 sunt
1324 3643 1347 3686 el

266 3707 485 3760 terriculamenta
505 3710 607 3774 satalia,
627 3713 726 3782 quibus
746 3711 878 3782 adspectis
896 3713 1089 3778 moriebantur,
1109 3715 1148 3766 ita
1166 3723 1198 3766 ut
1213 3720 1284 3767 totae
1303 3707 1347 3758 do·

266 3792 326 3830 mus
345 3777 426 3845 plane
445 3780 636 3834 clauderentur
654 3792 682 3835 et
699 3784 833 3846 deessent,
862 3787 910 3853 qui
929 3793 1048 3838 mortuos
1069 3785 1234 3855 sepetisenm
1253 3778 1346 3834 familie

266 3855 357 3928 autem
377 3850 449 3902 omni
470 3853 601 3904 exstincta
626 3870 676 3922 per
696 3856 802 3923 tyranni
826 3855 993 3924 impietatem
1012 3873 1104 3908 omnes
1122 3856 1267 3908 incolarum
1286 3849 1346 3902 tivi·

265 3923 317 3998 tras
336 3919 364 3970 iu
382 3917 514 4000 palatium
533 3926 672 3992 congessit.
708 3933 829 3978 assecuta
847 3933 889 3978 est
906 3927 985 3978 etiam
996 3927 1164 3980 Anastasium
1182 3925 1289 3994 impium
1306 3917 1345 3968 del

265 4001 456 4110 ga·’·2qu¹pp⁰
483 3992 530 4062 qui
549 3992 706 4050 foedissimo
730 3996 839 4062 morbo,
856 4013 938 4066 quem
960 3995 1137 4067 chordapsum
1155 3991 1345 4059 dicuntsine

287 4073 363 4112 αιιι.

332 4129 524 4188 Saracenorum
544 4140 676 4205 tyrannus
694 4144 831 4211 comperto
853 4134 1002 4192 domestico
1022 4136 1141 4192 tumultu
1161 4137 1191 4192 in
1207 4133 1302 4206 Syriaca
1320 4135 1343 4184 tl
