2892 4904
247 289 300 350 nn
319 284 625 352 nusssasomcs
643 287 673 351 a
691 287 850 352 malms
869 285 1013 354 caasa.
1101 275 1176 353 473

78 443 192 518 λαξον,
223 431 352 521 taneos
373 439 408 502 δὲ
434 437 512 502 κατὰ
536 439 753 523 προμήθειαν,
775 439 828 502 ἵνα
847 436 902 501 καὶ
921 436 997 523 ῥᾷον
1016 429 1098 502 οὕτω
1120 435 1175 504 διό

78 542 140 620 τῆς
168 535 361 618 πυκνότητος
390 541 449 602 τού
478 541 557 600 λαοῦ
577 537 801 619 παρεισδύοιτο
835 535 1014 622 φευγόντων
1038 529 1177 602 ἑκόστων

18 635 19 642 ¹
79 639 334 720 συμπατηθῆναι
356 637 401 723 τῷ
421 623 525 724 ἳππιρ,
547 635 601 700 κού
622 631 759 726 ύποπτος
780 638 816 700 δὲ
837 635 881 702 τόν
901 636 1044 717 βλέποιτό
1067 659 1100 700 τε
1122 638 1178 702 κατ’

80 736 265 816 ἀναβλέποι
285 733 359 810 τούς
379 739 651 818 κακουργοῦντας,
674 735 729 800 καὶ
749 731 847 811 οὕτως
867 735 986 810 αύτούς
1013 737 1177 817 α’μύνοιτο,

50 851 126 903 5-
150 833 332 916 εἰσδραμιόν
350 837 427 917 γοῦν
448 833 463 898 ό
487 837 583 898 adasai
582 859 640 917 χος
659 831 741 900 ούτω
754 843 821 916 μετ’
844 835 992 918 εὐγενοῦς
1012 834 1109 899 ἵππον
1123 835 1179 900 κατ’

80 934 142 1016 τήν
160 931 241 1014 μετὰ
268 943 362 1018 χεῖρα
391 937 542 1018 σιδηρέαν
571 932 705 1018 κορύνην
726 932 879 1018 κατάγων,
900 940 1177 1017 αονεπιλαμβανσ.

78 1038 187 1115 μένων
207 1026 276 1114 ἅμα
305 1032 361 1096 καὶ
386 1035 451 1097 τῶν
476 1035 677 1118 ἑφεπομένων
706 1032 926 1117 θεραπόντων,
956 1035 989 1100 οδ
1006 1037 1062 1098 καί
1083 1037 1177 1100 crisos*

78 1131 219 1220 σφοδροὶ
249 1135 328 1215 δρᾶν
347 1127 444 1220 ἦσαν,
467 1136 582 1219 φόνους
609 1158 643 1198 rs
664 1133 798 1210 πολλούς
818 1135 955 1200 ἐκώλυσε
976 1133 1032 1198 καὶ
1049 1134 1175 1218 γυμνιό·

79 1258 150 1311 σεις
171 1233 293 1316 tripos
314 1256 348 1298 τε
373 1237 428 1298 καί
448 1239 622 1316 γυναικοῖν,
651 1231 674 1298 δ
697 1232 734 1318 δὴ
763 1229 881 1318 ἓτρωθι
910 1237 1094 1320 κωλυθῆναι
1116 1228 1175 1297 ούιι

32 1345 68 1398 10
80 1331 168 1420 ἔσχε,
190 1333 244 1396 καί
265 1330 340 1407 τούς
364 1333 551 1415 ἐπιβούλους
573 1335 609 1398 δὲ
630 1338 688 1396 τοῦ
703 1330 795 1415 ύγιύν
816 1331 919 1420 τάφου
940 1335 1109 1418 ἀπήγαγεν,
1131 1333 1174 1413 τός

77 1428 138 1498 oris
169 1424 209 1496 όν
239 1435 352 1496 ἐκεῖνον
374 1425 506 1516 ἤθελον,
531 1431 742 1516 κερδήσαντας
769 1433 851 1512 μόνα
879 1435 995 1519 (μυρία
1026 1436 1063 1497 δέ
1093 1427 1175 1517 ἦσαν

77 1536 201 1616 ἐκεῖνα)
224 1525 287 1597 ύσοι
305 1529 367 1616 πρό
390 1531 491 1598 αύτού
519 1535 721 1597 κατέσπασαν
742 1531 938 1618 φθάσαντες.
980 1536 1036 1597 καί
1057 1529 1174 1619 φόνους

76 1635 140 1713 μὲν
161 1629 236 1707 τούς
264 1635 333 1695 ἐκεῖ
358 1628 547 1713 νατέσχενό
577 1624 705 1716 ύρχων,
732 1634 791 1696 τού
815 1635 850 1698 δὲ
872 1636 1009 1715 πνιγμοῦ
1027 1637 1090 1698 τῶν
1111 1658 1173 1720 φυ-

75 1729 197 1815 γόντων
219 1733 252 1794 έν
271 1735 314 1818 τῷ
335 1734 400 1818 ναῷ
421 1729 478 1792 oria
500 1725 539 1813 ἦν
559 1731 730 1818 ἐπίσχεσις,
749 1732 819 1796 ἀλλ’
842 1726 949 1814 δι’σπερ
972 1735 1007 1796 έν
1027 1741 1097 1810 ταῖς
1118 1728 1176 1800 sit·

29 1841 66 1894 15
78 1840 154 1906 λαις
176 1835 370 1912 καθολικαῑς,
392 1825 475 1895 ούτω
496 1830 670 1918 καὶταύτῃ
703 1834 759 1896 ούκ
777 1831 865 1920 όλέγῃ
886 1832 984 1920 μοι’ρφ
1003 1833 1076 1910 τούς
1096 1837 1175 1913 ζεόν-

76 1955 137 2006 τας
161 1925 177 1992 ό
200 1929 333 2013 πνιγμός
355 1933 551 2016 ἐδικαίωσεν,
571 1924 644 1998 ύνό
663 1930 803 2016 α’ριθμύς
817 1935 915 2018 ἐρίζοι
936 1926 976 1998 όν
996 1933 1077 2017 πρός
1099 1933 1175 2010 τούς

77 2033 131 2096 ἐπ’
162 2029 361 2114 ἀκροπόλεως
395 2031 600 2118 πεπνιγότας,
635 2031 678 2108 ιός
716 2032 736 2116 ἦ
773 2025 858 2117 ι’ἷρχὴ
893 2031 1066 2116 τοῦλόγου
1096 2055 1174 2098 ουν.

75 2133 212 2216 ἔγραφε.

178 2231 216 2296 Τί
235 2224 275 2296 όν
297 2232 421 2314 λέγοιμι
437 2232 512 2309 τούς
534 2235 599 2298 τῶν
619 2235 733 2315 τεγέων
757 2231 850 2299 οἴκων
872 2224 995 2300 ύνανθεν
1013 2236 1172 2297 καθαλλο-
1185 2241 1239 2298 29⁷

27 2333 196 2411 νομένους
226 2333 280 2397 έπό
308 2333 422 2419 μελέτῃ
443 2331 607 2417 θανάτου,
629 2327 678 2397 όιε
701 2331 737 2396 τό
757 2337 839 2416 μέγα
859 2333 956 2398 κακόν
975 2335 1031 2397 eni
1052 2329 1172 2407 αύτούς

76 2433 345 2513 περιεστοίχιζενς
366 2431 400 2496 οἳ
417 2430 633 2514 πτερύξασθαι
652 2435 697 2508 εἰς
721 2434 839 2515 αἰθέρα
858 2431 903 2517 μὴ
923 2433 1053 2517 ἔχοντες,
1074 2422 1171 2515 ούπερ

75 2529 208 2616 ε’φόεντο
229 2523 287 2615 όν,
318 2532 353 2594 τό
376 2533 441 2596 τιόν
462 2532 589 2614 βαρέων
617 2529 758 2614 ἔπασχον
779 2532 834 2597 ιιαύ
857 2528 989 2597 stiram
1007 2535 1053 2608 εἰς
1070 2527 1171 2595 θανα-

154 2665 195 2721 ¹5.
212 2664 288 2723 κύνῗ
378 2667 422 2720 17.
442 2662 510 2727 uiis?

77 2805 192 2874 emplo,
210 2806 273 2875 qui,
294 2822 378 2875 quum
396 2806 423 2857 in
447 2805 607 2858 catholicam
630 2806 789 2877 metropolis
816 2805 955 2857 ecclesiam
984 2807 1105 2859 invectus
1125 2821 1171 2857 es·

79 2884 140 2938 set,
163 2875 322 2929 deturbatus
350 2885 407 2928 tum
431 2893 530 2947 equum
558 2878 668 2928 vulnere
695 2878 797 2928 laesum
824 2877 930 2941 amisit,
949 2886 1007 2928 tum
1025 2878 1082 2947 ipse
1099 2878 1171 2929 male

78 2946 217 3010 discessit,
231 2946 289 3006 ¹sed
309 2961 400 2998 revera
421 2945 513 2999 divina
538 2947 635 2999 ductus
658 2947 847 3017 providentia,
870 2963 925 3017 quo
943 2948 1049 3001 facilius
1066 2950 1105 3000 ita
1122 2965 1172 3018 per

76 3017 284 3070 multitudinem
304 3017 443 3070 hominum
460 3028 625 3086 penetraret,
645 3036 679 3070 ne
692 3019 725 3069 ab
744 3036 815 3088 equo
834 3021 1055 3072 conculcarentur
1074 3035 1171 3070 caven·

76 3090 161 3152 tium,
181 3098 208 3142 et
227 3089 352 3142 sublimis
377 3097 434 3142 tum
461 3098 616 3141 cerneretur
642 3093 700 3159 ipse
719 3100 775 3142 tum
793 3099 915 3142 cerneret
931 3091 1068 3151 scelestos,
1087 3099 1170 3159 atque

75 3163 120 3212 ita
139 3160 201 3212 illos
221 3159 322 3228 flagitio
340 3159 498 3230 prohiberet
521 3161 708 3228 -ingressus
728 3161 871 3228 igiturest
892 3160 931 3214 ita
951 3160 1091 3212 eunuchus
1109 3177 1171 3211 curn

76 3248 155 3301 equo
173 3245 311 3298 generoso,
333 3239 370 3292 et,
389 3233 490 3284 claram
511 3230 626 3283 ferream
646 3248 726 3283 manu
745 3238 891 3303 torquens,
917 3230 1025 3283 adiutus
1054 3231 1134 3282 etiam
1155 3248 1171 3282 a

76 3301 236 3355 domesticis
276 3303 480 3364 comitantibus,
499 3305 547 3371 qui
575 3310 602 3364 et
631 3304 683 3372 ipsi
707 3319 788 3353 manu
814 3303 932 3370 prompti
960 3309 1056 3364 erant,
1075 3301 1170 3352 caedes

74 3373 180 3425 multas
205 3381 233 3425 et
251 3374 368 3426 virorum
393 3374 591 3442 mulierumque
612 3375 790 3443 spoliationes
816 3371 973 3441 impedivit,
1004 3387 1074 3442 qnae
1091 3373 1171 3423 alitor

76 3443 211 3514 impediri
228 3461 284 3496 non
301 3453 436 3514 poterant,
457 3453 485 3496 et
503 3461 576 3495 sacro
595 3444 718 3514 sepulcro
737 3444 902 3496 insidiantes
920 3442 1019 3511 abegit,
1039 3442 1173 3513 quemad-

74 3513 190 3568 modum
216 3516 282 3584 ipsis
314 3515 426 3568 minime
457 3514 592 3584 placeret,
621 3516 735 3566 lucratos
763 3524 867 3568 tantum
890 3514 1007 3583 (infinita
1034 3530 1099 3565 sans
1121 3513 1171 3564 illa

78 3589 182 3650 erant),
201 3603 270 3658 quae
291 3595 355 3638 ante
372 3586 518 3640 adventum
539 3587 595 3637 eius
614 3585 796 3637 detraxerant.
834 3587 927 3655 itaque
946 3585 1042 3636 caedes
1060 3583 1170 3654 quidem

76 3659 119 3710 ibi
142 3656 196 3708 dux
217 3658 264 3710 ille
282 3657 403 3720 sistebat,
422 3657 480 3708 sed
496 3657 573 3708 elisio
592 3658 751 3724 fugientium
769 3658 827 3709 sisti
846 3658 874 3708 in
892 3657 994 3724 templo
1012 3671 1068 3706 non
1088 3663 1170 3722 pote-

77 3737 137 3789 rat,
153 3745 243 3780 verum
264 3730 334 3780 sicut
348 3730 377 3780 in
396 3729 508 3798 reliquis
519 3728 639 3780 ecclesiis
655 3727 781 3797 publicis,
798 3729 837 3779 ita
855 3729 884 3778 in
901 3727 951 3778 illa
968 3742 1079 3795 quoque
1097 3725 1170 3776 haud

76 3801 180 3868 exigue
196 3797 338 3852 bominum
357 3816 418 3869 pars
440 3803 570 3851 suffocata
592 3807 641 3862 est,
659 3815 773 3868 quorum
790 3798 901 3869 quidem
920 3813 1047 3848 numerus
1066 3804 1171 3864 pareat

76 3871 196 3924 sortasse
217 3871 259 3934 iis,
276 3872 323 3940 qui
340 3871 370 3922 in
387 3886 447 3922 arce
466 3870 526 3922 elisi
544 3878 616 3933 sunt,
640 3868 673 3920 da
691 3870 790 3941 quibus
808 3872 836 3920 in
853 3869 990 3938 principio
1007 3867 1088 3920 huius
1106 3867 1170 3919 libri

76 3942 188 3994 dictum
207 3950 257 3994 est.

151 4011 227 4082 Quid
252 4013 316 4066 illos
340 4027 560 4074 commemorem,
580 4010 628 4079 qui
646 4009 762 4080 desuper
776 4009 810 4062 de
837 4010 916 4062 tectis
934 4007 1040 4060 aedium
1061 4010 1089 4058 irs
1106 4025 1170 4078 per·

76 4083 179 4136 niciesn
202 4101 229 4135 se
259 4081 409 4144 dederunt,
430 4083 584 4134 calamitate
617 4083 719 4151 quippe
748 4081 857 4132 immani
885 4079 1079 4132 circumventi?
1121 4078 1168 4148 qui

76 4171 163 4226 quoru
190 4171 237 4223 per
266 4169 353 4206 aerem
377 4151 483 4216 volare,
510 4160 539 4204 ut
563 4152 721 4220 cupiebant,
741 4169 796 4204 non
817 4161 938 4221 possent,
959 4167 1007 4221 pro
1029 4167 1171 4222 corporum
