2892 4904
255 283 329 354 seo
494 291 552 356 sn
580 287 746 356 morus
774 267 1088 358 cmmmmcun

253 465 468 528 successoren,
488 446 600 530 utique
619 445 801 514 Bald‘ueris
821 455 955 530 petrem,
976 446 1088 507 Crumi
1109 443 1242 527 nepotis,
1264 445 1340 530 Cry-

253 540 400 612 tagnnem
421 539 524 592 vocat.
582 529 657 614 quid
690 531 715 591 si
745 533 810 593 Leo
831 553 925 613 quem
954 541 988 592 et
1007 529 1212 592 Baldimerem
1235 537 1269 589 et
1285 531 1341 590 hii.

253 613 391 677 chael*
418 611 559 692 dixerat,
593 636 629 676 ex
660 615 758 697 petris
792 615 887 676 etiam
918 615 1046 676 nominc
1072 614 1119 676 sic
1146 614 1343 694 nuncupavit,

252 697 440 781 scripsitque
470 691 730 780 dliocuiycsuc,
760 719 796 760 ex
818 718 883 780 quo
907 698 1069 778 imperitus
1092 698 1242 760 librarius
1262 719 1343 758 suum

253 774 367 862 Κόμης
387 781 583 864 expresserit,
604 790 641 843 ut
661 781 814 844 estlacilis
835 802 930 844 error
944 781 977 841 in
997 782 1176 843 nominibus
1189 780 1342 864 propriis?

251 861 458 946 Bulgsrorum
480 863 657 948 principem
679 887 716 926 ac
734 865 896 928 dominum
918 865 1065 926 comitem
1084 865 1278 948 appellatum
1300 886 1344 925 me
1370 907 1375 920 .

252 945 359 1031 legisse
383 970 447 1010 non
466 949 610 1022 memini;
635 970 693 1012 nec
714 948 807 1012 alites·
827 945 988 1010 emendem
1009 969 1106 1032 quam
1126 949 1270 1030 exposui.

335 1047 379 1110 44
418 1045 621 1129 ίαιιίγσνρον]
651 1049 828 1126 momen,
851 1069 980 1134 procem
997 1070 1124 1134 corpore
1153 1067 1191 1110 uc
1223 1049 1344 1132 stipato,

254 1153 319 1196 uon
340 1145 497 1214 agrestem.
540 1131 611 1196 vide
630 1153 665 1214 p.
675 1128 750 1210 431,
770 1133 826 1196 uhi
848 1143 881 1194 et
903 1133 943 1194 de
963 1152 1039 1194 voce
1063 1123 1207 1212 ὅγοσρσς.
1231 1129 1345 1213 vulgari

254 1215 358 1298 lingna
376 1225 422 1276 est
453 1205 558 1294 tussa
578 1217 772 1293 isnmanuw,
801 1226 922 1278 utnon
956 1216 1086 1277 omuino
1120 1214 1271 1276 dissideat
1298 1216 1347 1274 ista

252 1299 435 1381 significatio
466 1297 506 1360 ab
538 1298 658 1373 altera,
683 1321 746 1383 qua
767 1321 828 1382 pro
859 1300 969 1361 adulto
990 1300 1175 1383 robustique
1205 1297 1347 1381 corporis

254 1379 365 1444 iurene
385 1381 541 1466 accipitur
559 1381 612 1444 hic
634 1393 666 1445 et
689 1383 773 1465 apud
794 1385 946 1446 Nicetam.

335 1476 377 1543 45
418 1481 465 1555 είς
493 1471 534 1562 ἢν
566 1477 622 1544 καί
641 1480 842 1564 ἐλοιδορεῖτο]
876 1485 959 1545 forte
985 1481 1200 1545 mulierculam
1222 1503 1347 1544 uxorem

254 1565 380 1626 tradens
401 1587 464 1663 qua
483 1575 589 1628 scorto
612 1566 722 1628 abusus
746 1578 832 1645 esset,
855 1567 902 1628 uti
927 1568 1021 1628 etiam
1035 1557 1173 1628 iuferius⁸
1183 1567 1289 1650 liquet
1308 1568 1347 1626 le·

253 1649 329 1711 cisse
350 1649 476 1712 Basilio.
514 1649 559 1711 sic
579 1650 765 1713 Plutarchus
786 1650 985 1730 tosdopes‘llus
1006 1647 1051 1722 είς
1070 1649 1272 1727 δυσγένειαν.

337 1745 379 1809 46
421 1747 463 1834 τῇ
485 1743 596 1834 νύμφῃ
624 1747 728 1812 cairuai
762 1751 1012 1834 σνμφθείρεται]
1043 1770 1157 1832 nempe
1177 1746 1348 1832 repudiata,

255 1842 292 1893 nt
312 1830 408 1894 hahet
427 1831 632 1896 continuator
652 1832 823 1896 Vaticanus
842 1831 985 1914 ἅλλόγως
1007 1832 1063 1896 καί
1082 1831 1234 1906 ἀναιτίους
1257 1852 1349 1893 uxore

255 1937 397 2062 proppp.
422 1997 554 2082 ποιῆσαι
582 1998 798 2081 παραίτησιν]
831 2019 891 2084 quo
920 2018 952 2060 se
974 2001 1028 2062 ille
1049 2021 1171 2062 monere
1189 1999 1349 2062 abdr'caret.

258 2082 345 2167 quod
368 2093 472 2146 tamen
501 2081 629 2144 minime
658 2092 839 2146 consecutus
861 2088 929 2159 est,
952 2084 1114 2150 obnitente
1136 2083 1277 2167 Ignatio,
1299 2082 1350 2143 do·

257 2187 315 2229 nec
333 2188 391 2264 per
412 2166 557 2228 iniuriam
584 2165 743 2248 depositus
770 2165 866 2249 vique
886 2169 1027 2247 expulsus
1046 2178 1105 2230 est.
1160 2167 1268 2228 multis
1289 2173 1350 2226 tra.

257 2253 401 2334 goedsam
431 2249 637 2332 prosequitur
665 2250 740 2312 Vat.
770 2247 994 2330 continuator,
1016 2261 1052 2314 ut
1081 2262 1114 2313 et
1132 2252 1275 2327 Nicetes,
1299 2269 1348 2309 au-

258 2345 394 2418 ctorque
415 2337 498 2396 vitae
526 2332 644 2396 Nicolai
667 2331 821 2394 studitae.

340 2429 383 2497 48
425 2433 488 2495 τῶν
501 2429 609 2494 ἀθέων
625 2430 719 2517 Teia]
745 2443 853 2496 narrat
865 2433 1236 2511 laudatuscontinnator,
1257 2453 1347 2516 exque

258 2539 296 2582 ec
319 2518 487 2595 Cedrenus,
510 2517 600 2580 brevi
618 2528 691 2600 post
713 2518 806 2578 missis
822 2517 929 2602 legatis
951 2519 1048 2582 factos
1069 2541 1132 2582 esse
1149 2519 1346 2581 Christianos.

341 2619 382 2688 49
409 2624 538 2706 ·κνρίαν
565 2620 667 2704 αίιῆν
688 2618 788 2709 ἔχειν]
820 2627 870 2686 illi
891 2629 1033 2690 honorem
1057 2651 1108 2690 cen
1130 2628 1277 2688 ιίοσιίνναε
1296 2627 1346 2684 ίια-

259 2709 354 2788 beret,
377 2731 444 2770 eam
467 2710 668 2785 observaret,
704 2725 761 2770 nec
791 2717 854 2769 tam
876 2703 934 2772 sibi
966 2733 1094 2772 uxorem
1114 2710 1243 2771 haberet
1265 2729 1349 2792 quam

258 2793 402 2855 Michatli
432 2815 445 2854 s
470 2794 630 2853 urcissimo
662 2793 869 2853 concubinam
905 2803 1065 2876 servaret;
1093 2817 1128 2858 ex
1169 2813 1234 2876 quo
1262 2794 1347 2855 etiam

258 2897 328 2960 pag.
349 2871 412 2938 468
435 2813 551 2938 dicitur
572 2879 709 2938 Leonem
729 2877 901 2959 suscepisse.

341 2973 381 3038 50
425 2969 599 3058 βάψαντες]
623 2977 747 3037 vivifico
772 2998 883 3058 nempe
908 2976 1003 3038 calice
1026 2976 1071 3036 usi
1094 2975 1264 3036 atramenti
1283 2973 1346 3033 loco

261 3059 300 3120 ad
321 3057 490 3120 horrorem
524 3078 560 3118 ac
582 3059 760 3140 religionem
789 3073 980 3122 sacramento
1002 3059 1237 3135 conciliandam,
1261 3077 1346 3154 quam

262 3134 365 3204 tamen
391 3142 483 3203 foede
515 3153 603 3205 erant
631 3142 798 3205 violaturi:
826 3145 900 3227 quin
924 3165 1026 3226 neque
1040 3197 1043 3203 ,
1059 3142 1119 3204 alio
1141 3144 1247 3204 animo
1268 3161 1347 3202 anru-

261 3226 339 3287 hunt
360 3249 454 3310 quam
478 3234 512 3287 ut
535 3225 700 3310 deceptum
725 3226 926 3289 iureiurando
955 3227 1113 3288 hominem
1137 3227 1215 3287 urhe
1240 3224 1347 3288 educe-

261 3317 351 3389 reut,
385 3331 420 3370 ac
451 3320 607 3371 necarent.
650 3311 731 3371 solus
761 3311 824 3372 Leo
845 3309 927 3372 huno
951 3311 1076 3376 videtur
1099 3309 1262 3372 historiam
1282 3306 1346 3369 teti·

261 3392 352 3477 pisse:
374 3393 446 3456 Vat.
483 3393 683 3456 continuator
714 3394 817 3455 Basilii
845 3395 928 3456 forte
961 3394 1136 3456 reverentia
1165 3393 1298 3475 pressit,
1318 3390 1343 3451 in

260 3476 395 3562 gratiam
416 3478 538 3559 nepotis
558 3476 638 3538 illius
660 3478 865 3540 Constantini.

346 3575 385 3639 51
429 3577 462 3638 ἐν
480 3576 638 3662 ταξειδιῒρ]
662 3577 777 3639 dicitur
790 3599 853 3640 esse
874 3575 1031 3659 princeps,
1052 3578 1124 3638 cu'm
1147 3584 1231 3638 extra
1246 3573 1343 3636 urheur

265 3660 314 3721 vel
327 3657 422 3722 animi
436 3679 525 3722 causa
547 3661 597 3730 vel
612 3661 750 3724 exercitii
769 3665 832 3723 sive
855 3661 948 3722 ctiam
971 3657 1111 3722 bellici-'a
1135 3667 1262 3744 paratus
1282 3677 1343 3718 mo·

265 3752 364 3805 ratur.
387 3743 596 3826 producemus
611 3745 702 3807 Pselli
723 3745 866 3827 epistolas
889 3752 976 3806 tomo
997 3743 1098 3804 ¹altero
1113 3681 1164 3807 {d
1183 3736 1344 3823 inperato-

267 3847 316 3889 res
339 3836 393 3890 aut
414 3828 457 3890 eis
481 3829 618 3904 comites,
640 3829 674 3890 ἐν
694 3827 853 3913 antediem
877 3827 988 3910 quihus
1010 3845 1122 3910 nempe
1141 3824 1254 3889 corun
1272 3835 1345 3886 teru-

267 3931 383 3994 porum
404 3911 580 3974 illustretur
600 3911 740 3973 historia.
1157 3951 1160 3959 ·

350 3993 390 4054 Μ
433 3988 486 4056 τὸν
514 3996 766 4075 χρυσοπίρσικον
788 3992 986 4072 χιτωνίσκον]
1017 3994 1052 4054 Ρ.
1074 3993 1159 4054 Goar
1185 3989 1224 4052 ad
1243 3986 1341 4051 Codioi

180 4081 184 4088 '
269 4098 337 4160 cap.
364 4075 401 4144 19
426 4077 555 4140 cassiam
585 4080 724 4140 tunicam
746 4079 894 4159 exponit,
917 4099 997 4159 quae
1018 4077 1103 4138 velut
1122 4074 1257 4138 Caesaris
1277 4070 1343 4134 insi-

269 4181 329 4245 gne
351 4171 427 4224 erat.
473 4161 596 4226 videndi
617 4161 679 4224 illic
701 4163 788 4225 docti
811 4161 889 4224 illius
911 4159 1143 4224 commensan't
1182 4214 1187 4225 .
