2838 4902
235 313 309 392 444
654 331 906 398 nummulus

233 474 398 563 βάρβαρον
425 481 481 544 καί
502 478 581 545 κατά
604 503 637 544 τι
665 485 804 564 στέρνων
824 483 881 547 καί
899 481 979 547 κατά
1001 505 1032 548 τι
1054 481 1163 550 νοάτων
1187 483 1309 570 πληττό-

233 599 328 656 μενον
356 579 413 642 καί
430 581 624 662 βαλλόμενον
645 582 786 664 ἀχλσῖτο,
813 578 896 648 οὕτω
924 585 1001 666 γοῦν
1020 593 1207 668 στρατηγεῖν
1225 586 1309 672 ἀφείς

234 674 278 752 ιάς
304 675 435 762 ἔπρεπε,
456 684 620 762 πομπικιάς
649 674 751 758 άλλως
784 686 925 749 διέκειτο.
974 680 1112 766 ὕψιστος
1133 685 1197 768 γάρ
1224 687 1256 750 ἐν
1273 687 1311 770 τῷ

233 772 300 866 iulus
318 777 444 867 γηλόφῳ
464 784 520 846 τοῦ
544 785 617 846 καθ’
648 783 732 866 ἡμᾶς
755 788 939 867 Ζαβαρειόυ
966 779 1185 869 ἀπανηγάριζε,
1205 787 1311 868 θεωρι-

232 878 295 952 κοάς
313 875 371 962 την
391 882 446 962 τῆς
467 876 573 964 μάχης
592 882 710 966 ἐκείνης
731 881 943 966 γνωματεάων
965 882 1119 966 διάθεσιν,
1142 881 1180 967 ἢν
1201 885 1330 966 lyaeo-5

231 978 312 1062 με’νη
332 973 414 1054 κόνις
437 979 500 1044 ἀπὸ
522 983 585 1046 τιὸν
614 982 794 1064 τρεχόντων
814 986 873 1047 καί
892 981 1137 1066 ἀντιτρεχάντοιν
1157 979 1310 1063 ἐσήμαινε.

231 1072 290 1140 καί
306 1070 359 1144 elo
393 1081 452 1160 μὲν
487 1079 585 1154 αυίἀς
615 1080 684 1147 τότε
707 1074 820 1164 erigere
845 1076 886 1146 ἀν
909 1075 1129 1168 ἢκατιάχετο,
1153 1082 1257 1158 ου’δείς
1277 1077 1312 1146 ἀν

231 1175 331 1260 εἰδείη
357 1177 490 1258 μαθιάν·
540 1182 641 1246 ἐκεῖνο
673 1183 709 1246 δὲ
736 1184 842 1272 δῆλον,
874 1181 917 1258 τίς
938 1175 1030 1248 nirves
1059 1177 1226 1248 κάνταῦθα
1246 1179 1314 1256 τούς

232 1279 394 1356 Λατίνους
415 1278 550 1364 ἀχλῆσαι
573 1285 668 1348 καίει
689 1282 808 1357 σνάλας
821 1281 1047 1368 ἀπασχολῆσαι
1059 1285 1118 1347 τοῦ
1140 1287 1214 1348 καθ’
1233 1282 1313 1367 ἧμιάν

231 1379 384 1463 πολέμου,
415 1377 458 1455 ἀς
480 1374 533 1448 οἷο
563 1383 647 1465 τάχα
670 1404 731 1446 που
754 1379 866 1457 ἀεάιιάς
887 1381 931 1466 μὴ
953 1381 1011 1448 καί
1027 1384 1254 1448 ἐπικαλέσουσιν
1274 1381 1312 1458 ἀς
1322 1383 1349 1434 10

232 1476 276 1539 δι’
296 1477 392 1544 αάτόν
413 1481 558 1546 δίπαλτον
581 1480 614 1546 τά
632 1480 811 1563 Ῥωμαϊκόν
832 1484 938 1557 ου’τοῖς
958 1484 1150 1566 ἐπετέθησαν
1170 1482 1313 1567 στράτευ-

231 1599 289 1657 μα.
331 1581 386 1644 καί
414 1576 535 1665 ἔπασχε
559 1585 620 1663 μὲν
645 1585 814 1668 τηνικαῦτα
843 1583 992 1667 μυκτῆρα
1014 1583 1049 1646 ἐκ
1070 1584 1133 1646 τάν
1152 1579 1314 1664 γυναικοῖν,

172 1669 283 1744 2893τι
304 1679 449 1744 καθελών
469 1681 588 1757 ἐκείνας
608 1685 665 1747 τοῦ
683 1674 749 1746 άνιο
770 1683 837 1746 ἐκεῖ
856 1677 987 1746 ἑστάναι
1010 1679 1106 1756 αάτός
1126 1682 1166 1744 σά
1186 1679 1267 1744 κατά
1286 1704 1314 1742 τι

230 1773 337 1844 αἴσιον
366 1779 522 1866 ἀναβαίη,
542 1791 721 1865 γυναικεῖον
740 1781 837 1846 τόπον
866 1773 1071 1866 ἀναπληρῶν·
1113 1773 1153 1864 ἦν
1175 1781 1211 1846 δὲ
1232 1777 1316 1864 ataui

229 1877 286 1942 καί
306 1877 323 1944 ὁ
345 1879 380 1944 ἐκ
408 1883 471 1947 τάν
496 1887 636 1964 γυναίων
665 1887 777 1963 μῶμος
799 1880 876 1948 uiuri
895 1880 1001 1946 οάθίν.
1042 1878 1143 1946 πόθεν
1163 1880 1227 1964 γάρ
1252 1872 1313 1960 εἶχε
1325 1889 1351 1940 15

228 1975 323 2062 γνσάς
340 1981 550 2065 ἐννοησασθαι
569 1981 613 2057 ἀς
633 1982 745 2046 πολλοί
765 1979 921 2066 γυναικοῖν
943 1978 1121 2061 ἀνειδισμοί
1138 1980 1316 2064 coutinui-

227 2100 302 2154 νους
322 2073 442 2163 ἀνδρας
472 2079 685 2166 ἀνώρθωσαν,
704 2080 920 2167 βαρβαρικούς
939 2103 975 2145 τε
997 2075 1053 2144 καί
1075 2074 1245 2163 Ἓλληνας,
1267 2079 1318 2142 καί

226 2174 341 2261 ἔχομεν
373 2180 429 2246 καί
453 2180 571 2268 ταάτην
591 2181 714 2265 βλάβην
743 2183 776 2259 ἐξ
798 2181 897 2246 αάιοῦ
914 2175 1053 2264 μεγάλην
1077 2176 1133 2243 καί
1152 2181 1315 2264 προφανῆ·

226 2275 389 2361 ἐπάθομεν
412 2281 472 2365 γάρ
507 2282 613 2346 atres
635 2285 787 2348 Λατίνων
821 2279 1047 2364 ἑξαγγιλόντων
1065 2273 1126 2363 σάς,
1149 2277 1238 2360 εἴπερ
1261 2274 1316 2359 τη“ν

226 2369 314 2460 ὥραν
335 2381 453 2466 ἐκείνην
473 2385 548 2446 καθ
568 2379 607 2466 ἢν
633 2380 649 2446 o‘
673 2383 827 2463 Χοῦμυος
848 2381 956 2454 ου’τοῖς
978 2380 1105 2444 ἐπίθετο
1125 2373 1351 2461 εὐεπήάησυνλο

226 2479 258 2548 οἱ
277 2481 334 2564 τῆς
356 2478 475 2557 πόλεως
494 2479 569 2566 περί
587 2477 641 2546 τάν
661 2476 874 2562 ναύσταθμον,
893 2478 949 2553 τάς
968 2500 1003 2542 τε
1022 2478 1170 2561 μηχανάς
1191 2474 1316 2549 άπάσας

225 2571 310 2645 εἷλον
331 2573 370 2646 ἀν
394 2580 494 2647 satra·
509 2578 724 2664 στρατόπεδον
739 2575 909 2666 ἀπήγαγον,
933 2579 1150 2662 ἐμπρήσαντες
1170 2579 1227 2643 καί
1242 2578 1316 2662 νῆας

226 2675 304 2758 inat
324 2682 478 2765 ἐξεγένετο
499 2673 540 2748 ἀν
562 2682 681 2758 αὐτοῖς.

225 2929 354 2998 perieulis
372 2928 479 2982 barbari
498 2929 663 2991 circumdati,
681 2929 785 2984 adversi
808 2937 840 2981 'et
860 2927 945 2980 aversi
969 2924 1092 2978 feriendo
1115 2921 1314 2992 iaculandoque

224 3008 428 3069 premerentur:
459 3001 534 3071 quod
552 3003 635 3069 igitur
652 3001 705 3053 hoe
723 3003 760 3054 ita
784 3001 979 3062 administrare,
995 3004 1024 3049 ut
1041 2994 1165 3058 decebat,
1182 2994 1313 3062 neglexe-

225 3071 270 3132 rit,
288 3088 319 3121 ae
336 3087 404 3124 vana
429 3087 458 3123 se
476 3071 653 3124 delectaverit
681 3089 788 3142 pompe.
826 3070 948 3123 escendit
965 3070 1036 3120 enim
1056 3068 1084 3117 in
1105 3067 1204 3118 collem
1223 3067 1314 3116 orien-

225 3142 308 3193 talem
327 3143 430 3194 Zuberil
449 3145 544 3208 nostri,
566 3145 796 3213 concionaturque
814 3142 852 3193 ibi
870 3141 1014 3194 artificiose
1033 3137 1191 3206 disputabat
1211 3134 1244 3187 de
1264 3151 1314 3204 pu·

226 3228 295 3278 guae
306 3213 380 3265 illius
398 3213 642 3276 administratione,
660 3231 741 3284 quam
761 3213 811 3266 sub
825 3211 1006 3264 adorientium
1024 3216 1052 3260 et
1069 3208 1250 3260 resistentium
1268 3223 1315 3273 pe-

226 3282 307 3334 dibus
333 3286 464 3337 excitatus
485 3286 573 3354 pulvis
600 3285 749 3338 indicabat.
772 3302 841 3354 quae
861 3284 909 3334 ille
932 3290 989 3333 tum
1008 3287 1131 3350 precatus
1151 3286 1198 3328 aut
1216 3279 1317 3344 impre-

226 3356 358 3418 caluerit,
375 3371 456 3408 nemo
476 3357 566 3408 norit:
588 3356 640 3408 hoc
658 3357 832 3408 manifestum
850 3363 900 3416 est,
920 3367 1035 3404 cessasse
1052 3367 1113 3401 eum
1130 3358 1186 3401 tum
1208 3349 1315 3398 Latinos
1412 3349 1413 3390 ἕ

226 3425 357 3477 lacessere
376 3436 404 3480 et
430 3427 553 3479 vexando
581 3445 630 3479 uos
649 3428 737 3478 levare
761 3442 904 3496 parumper
934 3423 969 3475 sb
988 3438 1020 3473 eo
1043 3419 1128 3483 bello,
1147 3421 1247 3490 quippe
1267 3417 1315 3487 qui

226 3505 363 3548 vereretur
384 3496 575 3562 hauddubie,
596 3517 631 3550 ne
659 3515 687 3550 se
707 3505 881 3558 accusarent,
902 3493 975 3565 quod
995 3495 1054 3563 ipso
1072 3499 1181 3542 auctore
1203 3488 1313 3572 Romani

227 3569 372 3637 ancipitem
394 3568 445 3620 sibi
464 3571 610 3620 exercitum
629 3569 810 3620 immisissent.
856 3575 937 3636 atque
957 3565 1020 3616 ritui
1039 3569 1173 3616 tumeret
1193 3561 1314 3612 mulieri·

227 3637 297 3708 bus,
315 3638 403 3708 quod,
428 3648 513 3692 semet
537 3640 601 3692 inde
620 3639 758 3703 deductio,
788 3640 846 3709 ipse
863 3636 1036 3697 ascendisset,
1063 3633 1092 3684 id
1111 3633 1185 3702 quod
1206 3631 1314 3681 minime

227 3707 350 3771 decebat,
370 3711 506 3763 inlocum
524 3711 693 3763 muliebrem.
731 3711 866 3762 enimvero
883 3707 1030 3760 ludibrium
1045 3705 1187 3756 mulierum
1205 3716 1314 3770 quoque
1412 3753 1413 3780 η

226 3780 277 3830 ille
292 3781 371 3832 nihili
391 3782 558 3834 aestimabat.
597 3781 669 3833 uude
692 3783 765 3833 euim
789 3781 923 3848 cognitum
941 3777 1083 3838 habuerit,
1104 3775 1197 3827 erebro
1218 3771 1313 3822 laban·

227 3857 269 3900 tes
286 3851 371 3916 viros,
390 3861 417 3904 et
437 3853 564 3918 barbaros
585 3863 613 3904 et
632 3855 759 3916 Graecos,
779 3850 932 3920 opprobriis
952 3849 1100 3899 mulierum
1117 3853 1221 3896 erectos
1234 3841 1314 3893 esee?
1412 3859 1413 3866 ¹

227 3918 357 3974 habemus
375 3933 464 3975 aulem
484 3924 553 3975 lruuc
575 3941 683 3994 utroque
703 3921 824 3974 eiusdem
842 3921 1052 3988 ignominiamet
1069 3933 1191 3985 magnam
1211 3924 1237 3965 et
1256 3929 1314 3963 rua·
1412 3923 1413 3982 l

228 3992 363 4044 nilestam.
400 3995 480 4047 uobis
500 3997 599 4046 etenim
622 3997 673 4064 ipsi
700 3995 787 4046 Latini
812 4000 968 4054 narrarunt,
990 3991 1012 4040 si
1032 3998 1104 4049 tum,
1129 4005 1210 4058 quum
1239 3982 1312 4035 cha·
1412 3997 1413 4028 ι

229 4079 308 4114 mnus
344 4067 406 4116 illoa
439 4067 593 4130 invaderet,
620 4067 704 4118 nostrl
738 4065 836 4115 milites
868 4079 948 4113 nares
975 4061 1003 4111 iu
1032 4068 1112 4128 portu
1142 4063 1312 4125 congregatas·
1412 4063 1413 4080 ³

228 4132 318 4186 adorti
340 4144 438 4198 essent,
463 4146 588 4206 capturos
606 4155 652 4189 eoa
670 4138 752 4188 luisse
769 4143 878 4187 cunctas
897 4132 1030 4184 machinas
1059 4138 1086 4182 et
1104 4132 1249 4182 exercitum
1270 4124 1312 4176 lu-

230 4211 346 4273 gaturos‚
365 4207 510 4262 combustis
529 4210 619 4273 etiem,
640 4216 707 4282 quot
724 4207 777 4278 ipsi
794 4211 915 4278 possent,
936 4201 1056 4260 uatibus.
