2838 4902
235 329 289 392 ns
306 324 612 392 uumsmomcs
631 324 661 390 s
678 273 840 392 tiburs
858 324 1003 394 cauri.
1090 315 1164 394 aaa

71 479 170 564 ἡμᾶς,
190 475 245 541 καί
265 477 342 546 ον’δδ
363 474 475 552 νυκτδς
495 478 572 560 βέλη
594 476 730 553 άνιὲντες
747 474 801 542 διά
819 479 874 560 τῆς
891 481 1041 564 μεγίστης
1060 503 1167 564 μηχα·

72 581 145 660 viu·
187 581 261 673 μηδ’
282 567 320 659 ἧς
342 573 433 659 ἡμεῖς
461 574 651 659 λαλήσαντες
672 575 717 650 οδς
737 578 849 659 δεινῆς,
871 573 904 642 εἴ
919 581 987 654 πως
1007 582 1168 662 α’ποκρου.

72 679 169 760 σθείη
196 678 380 760 μηχανικῶς
399 678 458 738 τοῦ
478 678 551 739 καθ’
581 673 665 759 ἡμᾶς
685 676 854 754 τείνεσδαι,
884 677 1102 762 εὀοφίσθημεν
1122 678 1169 754 είς

72 775 219 859 μάθησιν
239 777 273 850 ἐξ
293 772 419 857 άγαθῆς
441 774 590 859 κεφαλῆς,
618 773 810 849 α’κοάσιιντες
832 773 876 851 ιδς
896 776 986 850 πόλις
1007 779 1042 841 ἐκ
1061 776 1169 841 τοιαδ-

47 885 132 960 5της
153 875 271 955 πίτριις
300 869 337 936 οὖ
364 869 545 952 βλάπτεται.
587 873 621 936 τί
645 873 704 952 δίς
727 871 796 936 ἀλλ’
825 873 1005 959 ω’φιλεῖται,
1029 867 1057 939 οδ
1078 875 1170 961 σοφά,

72 969 225 1056 μηχανάς
245 972 443 1048 egrotorum.
487 967 567 1035 άλλά
590 974 784 1038 συνίσταται.
807 963 1075 1055 οάκουνπάντωςς
1098 975 1170 1036 ου’κ.

73 1074 136 1136 οὖν
164 1069 199 1136 τὸ
230 1065 401 1154 άνάπαλιν,
430 1066 494 1154 εἴγε
515 1068 571 1136 καί
602 1073 847 1154 καταρρίπτεται
868 1068 952 1138 οδτω
973 1070 1012 1140 τά
1034 1071 1172 1157 ἐρυμνά·

71 1193 165 1236 τοτα.
216 1167 452 1252 titaneaque&
479 1166 575 1250 οίίτω,
597 1168 651 1234 καί
673 1167 691 1234 δ
712 1169 803 1252 λόγος
827 1175 898 1259 εἰκῇ
917 1173 1095 1258 άπέρρτυοε
1118 1174 1175 1238 καί

73 1267 182 1347 αάτός.

28 1391 62 1444 10
163 1370 234 1436 Καί
254 1370 390 1434 ἐλύπουν
419 1371 479 1450 μὲν
501 1367 560 1452 την
590 1367 683 1434 πάλιν
714 1369 769 1434 καί
788 1368 829 1434 τά
856 1371 956 1457 μικρά
984 1367 1230 1456 πετροβάλα,οργ

72 1463 160 1534 οὕτω
180 1471 288 1548 δεξαός
300 1469 452 1550 βάλλοντα
475 1467 519 1543 ὥς
534 1471 589 1533 καί
606 1467 681 1543 rode
700 1468 842 1550 μοδίους,
866 1470 899 1535 ολ
915 1471 1032 1536 πλοίων
1053 1470 1172 1546 ὀϊστοῖς

72 1571 273 1650 ἐνδεδεμένοι
300 1573 454 1650 μετέωροι
474 1566 625 1654 ἔκρυπτον
656 1566 748 1633 ἔνδον
775 1563 894 1652 άνδρας
916 1569 1072 1646 εἰωθότας
1092 1574 1171 1635 ires*-

71 1673 133 1732 θεν
154 1670 369 1749 καταπέμπειν
380 1667 418 1733 τά
433 1669 622 1752 βλάπτοντα,
645 1673 787 1752 συνεχῶς
810 1663 947 1734 εὔσκοποι
966 1669 1096 1752 βάλλειν
1116 1670 1172 1734 καί

71 1769 242 1850 κατοκλάν,
261 1763 316 1831 καί
335 1768 442 1851 άγιῖνα
465 1769 616 1850 παρέχειν
630 1775 694 1844 τοῖς
709 1777 870 1853 μοχηταίς
892 1772 1012 1834 ἐκεῖθεν
1033 1772 1172 1851 διεκχεΐ.

26 1888 60 1942 15
72 1870 158 1932 σθαι
179 1869 261 1929 κάτω
281 1872 335 1930 καί
363 1862 608 1950 aegrontantes.
650 1858 733 1952 ἦσαν
756 1870 791 1932 δὲ
812 1867 850 1933 τά
872 1872 1006 1933 τοιαῦτα
1022 1867 1100 1931 ὥσεί
1118 1871 1174 1932 καί

70 1968 155 2048 βέλη
177 1967 296 2048 νηπίων
318 1965 399 2050 πρδς
426 1965 482 2050 την
511 1967 634 2051 μητίρα
667 1965 804 2052 μεγάλην
827 1965 976 2052 μηχανὴν
1006 1971 1173 2048 παραβαλ-

72 2064 209 2148 λόμενα,
241 2062 325 2130 εἴτι
351 2062 416 2148 χρη
437 2067 472 2129 ἐκ
501 2068 558 2130 τοῦ
579 2069 685 2156 σοφοί
713 2070 889 2150 στρατηγοῦ
924 2063 1126 2150 πορίσασθοί
1141 2089 1173 2128 τι

71 2161 199 2248 νόημα,
227 2159 262 2238 iic
289 2161 362 2240 roric
390 2165 514 2230 ἐκεῖθεν
544 2165 776 2251 ἐπαφιεμένοος
806 2169 915 2239 λίθους
948 2162 1093 2248 τεθηπώς
1113 2165 1173 2226 τοῦ

71 2260 196 2329 κτάπου
225 2255 343 2328 “οἰ’κουε
362 2262 419 2349 την
438 2267 568 2347 γραῖαί
589 2261 709 2350 ἔλεγεν,
729 2263 859 2348 άπαθης
884 2257 966 2328 οὕτω
990 2288 1018 2327 τι
1041 2264 1097 2326 καί
1114 2265 1172 2343 μί-

25 2383 62 2438 20
73 2375 166 2445 τριος
186 2353 240 2442 οἷν,
262 2360 317 2426 καί
337 2360 395 2448 τήν
414 2364 622 2450 θρεψαμένην
642 2373 742 2446 μαῖαν
768 2357 857 2443 οἶμαι
876 2356 1096 2456 ραντάζεσδαι
1119 2363 1171 2425 δο-

71 2460 140 2524 κων
163 2464 402 2546 παθαινομίνην
428 2465 478 2528 a’rr’
507 2462 594 2552 cairqi
616 2465 671 2529 καί
698 2465 876 2528 κλαίουσαν.
926 2462 1106 2540 λακωνίζων
1136 2463 1173 2525 δὲ

71 2559 133 2625 καί
156 2553 259 2637 άλλως
290 2564 406 2638 ἐκεῖνος
436 2561 494 2647 τήν
515 2560 652 2649 φράσιν,
674 2562 717 2638 οἷς
738 2565 773 2628 ίν
793 2561 998 2645 μεταποιήσει
1020 2561 1132 2642 κάμνει
1152 2558 1171 2643 ἦ

72 2777 142 2830 illos
162 2775 347 2847 nequidquam
364 2793 469 2830 murum
480 2777 619 2840 subruere,
637 2795 720 2849 quum
740 2779 814 2830 intus
832 2779 903 2830 alins
920 2785 1081 2846 exsurgeret.
1101 2795 1171 2847 quae

72 2847 161 2900 verba
178 2864 269 2899 rursus
298 2849 477 2900 calamitatem
496 2857 615 2900 nostram
644 2859 785 2901 suxerunt.
822 2865 883 2900 nam
903 2866 986 2918 quum
1004 2866 1062 2902 rara
1082 2848 1172 2900 adhuc

72 2935 142 2971 saxa
162 2919 191 2970 iu
210 2934 316 2970 marom
333 2921 528 2972 contorsissent
544 2919 710 2988 obsidentes,
729 2919 793 2972 hinc
811 2919 865 2970 iam
883 2920 978 2972 crebra
997 2919 1171 2990 torquebant,

71 3005 130 3044 nec
159 2987 277 3042 interdiu
304 2999 411 3042 tantum
436 3007 487 3042 nos
505 2991 657 3053 vexabant,
675 2989 723 3042 sed
749 3008 784 3042 ne
814 3000 896 3043 noctu
929 2989 1172 3060 quidemiaculari

71 3059 221 3112 cessabant
250 3060 408 3112 emachina
427 3061 476 3113 illa
496 3063 615 3128 ingenti:
647 3070 741 3113 contra
761 3077 841 3131 quam
855 3079 938 3131 quum
957 3077 1007 3113 nos
1026 3069 1055 3112 ut
1073 3063 1172 3113 exitio·

71 3147 133 3184 sam
154 3129 369 3200 disputaremus,
396 3133 419 3183 si
437 3132 508 3184 forte
536 3131 661 3202 impediri
688 3141 792 3202 posset,
810 3134 954 3202 quominus
975 3131 1101 3182 adversus
1123 3148 1173 3184 nos

71 3199 243 3265 tenderetur,
262 3203 350 3254 edocti
365 3202 399 3252 ab
417 3203 557 3271 ingenioso
576 3203 685 3255 homine
698 3202 850 3266 didicimus,
869 3201 961 3254 urbem
975 3202 1024 3253 tali
1042 3218 1105 3252 saxo
1126 3203 1174 3252 ni-

71 3273 119 3324 hit
138 3269 219 3322 laedi.
256 3271 324 3341 quid
348 3273 450 3340 igitur?
484 3273 612 3326 conducit
630 3281 722 3336 certe,
741 3290 757 3324 ο
777 3273 860 3336 bone,
881 3271 1016 3323 machinas
1036 3279 1171 3337 evertere;
1193 3283 1198 3288 '

71 3340 207 3396 conducit
230 3341 329 3395 bercia.
366 3361 457 3396 annon
483 3344 627 3408 conducit,
655 3341 764 3413 quando
786 3341 951 3394 deiiciuutur
979 3343 1060 3394 etiam
1079 3342 1174 3393 firmis-

71 3412 167 3466 sima?
202 3410 398 3482 disputavimus
418 3431 467 3467 nos
485 3416 532 3480 im,
551 3423 580 3466 at
601 3431 635 3465 ue
652 3416 784 3466 incassum
805 3414 873 3464 abiit
892 3414 979 3464 orutio
999 3420 1101 3465 nostra.

150 3483 309 3537 Laedebant
336 3484 430 3536 urbem
459 3487 539 3538 etiem
560 3503 664 3538 narnoru
695 3485 920 3546 machinamenta,
942 3500 1011 3554 quae
1031 3484 1069 3534 ita
1091 3499 1172 3534 accu-

73 3563 137 3607 rate
155 3553 365 3619 iaculabantur,
383 3565 413 3608 ut
435 3557 516 3608 etiam
536 3556 619 3620 dolia,
640 3571 709 3627 quae
736 3555 844 3608 navium
864 3555 942 3607 malis
961 3553 1088 3605 sublimia
1107 3553 1172 3604 alli·

73 3633 139 3694 gata
159 3625 229 3676 viros
250 3628 368 3680 inclusos
399 3627 553 3692 habebunt,
573 3626 638 3680 inde
667 3627 722 3679 tela
747 3626 881 3678 eouiicere
912 3625 1023 3687 solitos,
1043 3625 1173 3676 continuo

73 3697 194 3748 ferirent
213 3705 242 3748 et
261 3697 477 3765 constringerent,
495 3707 523 3750 et
540 3699 692 3751 molestiam
713 3696 874 3749 exhiberent
892 3695 1039 3758 militibus,
1061 3702 1093 3746 ut
1109 3694 1173 3746 inda

72 3767 123 3820 illi
144 3763 235 3818 delabi
253 3777 282 3820 et
309 3769 389 3822 vitam
411 3785 516 3821 servare
534 3770 704 3822 festinarent.
753 3775 831 3820 erant
848 3775 939 3818 autem
978 3767 1035 3817 ussi
1053 3766 1110 3816 tela
1130 3767 1174 3818 in·

44 3893 45 3898 ,
73 3836 217 3906 fantium,
243 3839 265 3890 si
284 3848 503 3910 compararentur
530 3857 590 3892 cnm
620 3849 704 3890 matre
722 3838 780 3902 illa,
797 3853 892 3906 magna
911 3785 1043 3899 medisina,
1064 3837 1086 3886 si
1108 3837 1173 3889 licet

73 3907 187 3978 aliquid
205 3911 321 3961 mutuari
351 3909 454 3962 aduce
471 3911 603 3980 sapiente,
622 3910 668 3980 qui
695 3909 809 3961 demissa
828 3908 893 3961 inde
912 3925 974 3960 saxa
993 3915 1021 3958 et
1040 3907 1173 3975 fragorem

75 3977 231 4031 admiratus
251 3979 351 4031 “audi''
370 3982 462 4050 inquit
478 3985 601 4044 “anum’'
629 3981 667 4034 ita
691 3983 810 4052 quietem
828 3995 908 4048 agens
928 3989 956 4032 et
974 3987 1084 4048 torpens
1104 3995 1174 4049 qno-

77 4047 237 4111 dammodo,
261 4059 289 4102 et
306 4059 427 4115 matrem,
448 4061 525 4122 puto,
546 4069 628 4121 aqua
651 4053 768 4103 nutritus
788 4059 854 4113 erat,
872 4049 923 4101 sibi
942 4065 1072 4122 apparere
1093 4058 1175 4112 ratus,

76 4128 242 4191 querentem
273 4120 307 4174 de
327 4138 355 4173 se
379 4131 407 4175 et
431 4123 625 4175 lacrimantem.
663 4123 798 4175 Laconico
821 4122 950 4173 sermonis
979 4137 1076 4188 genere
1095 4121 1175 4172 etiam

76 4191 208 4261 alioquin
227 4193 267 4246 uti
285 4192 391 4255 solitus,
411 4191 481 4246 idem
497 4192 633 4264 quondam
654 4211 733 4247 anum
752 4193 781 4247 in
797 4191 948 4246 mutatione
969 4192 1092 4246 laborare
1111 4207 1176 4244 voca
