2892 4904
209 343 263 404 nn
280 336 585 402 rnmsaconrcrt
606 339 632 400 κ
651 339 810 402 mnnrs
831 336 976 406 ctare.
1066 329 1138 410 tce
1205 407 1210 416 .

53 509 177 596 θροόπου
199 505 235 584 ἐς
263 502 513 594 οἷρχιεπισκοπῆν
542 507 683 590 περιέπει
701 507 889 590 κεντηνδρια
912 511 945 584 ἐς
964 505 1076 578 ἑκατόν
1099 506 1141 600 (oi

52 607 198 693 πλούτου)
221 606 311 682 ἔτους
329 603 461 672 ἐκόστου
486 607 737 689 δωροφοροῦσαν
761 607 864 694 αὐτῷ·
907 612 962 674 καί
979 607 1028 675 ότι
1049 613 1142 702 ἐν’τῇ

53 711 103 774 τοῦ
124 708 283 796 Σιφοῖνιου
316 708 383 790 νηΐ,
402 705 444 780 σός
471 697 509 787 ἦν
530 690 710 788 ἐγχωροῦν,
737 705 998 790 α’ναπαυσόμενοι
1021 711 1061 800 τῇ
1080 737 1139 777 κα-

52 812 178 894 ραδοκίρι
205 810 266 870 τοῖν
287 803 441 887 χιλιάδων
473 802 511 879 ἃς
542 803 617 885 ἡμῖν
637 805 820 888 ἐπέγραψαν
842 803 872 869 οἱ
890 814 1140 894 μεγαλοπρεπεῖς

30 906 196 991 inescatae*
224 904 317 990 (αότὴ
343 903 502 988 γαρ-ἡμῖν
530 900 699 984 κατάλυμα
725 907 851 988 πρῶτον
879 906 1062 994 εδτυχὴθη,
1090 911 1141 976 αι’-

49 1007 219 1088 χμαλοότων
238 1009 378 1088 γέμουσα
401 1001 481 1068 nacci
504 1001 558 1079 τοὶς
590 1001 702 1079 λοιπός
722 1001 858 1087 ἁπάσας,
880 1004 915 1070 oi
930 1010 986 1071 καί
1001 1009 1141 1091 γοεῖσθαι

51 1105 127 1188 ἡμᾶς
146 1107 300 1187 δργοῖντες
322 1104 396 1168 arisi
419 1107 479 1186 μὲν
497 1110 598 1167 ποιεῖν
629 1104 688 1165 ου’κ
708 1097 795 1186 εἶχον
814 1103 942 1191 τόλμαν,
963 1105 1080 1172 τδσιόυν
1102 1109 1139 1175 δέ

49 1203 80 1267 τό
107 1207 222 1278 πένθος
245 1201 415 1287 προσώπου
436 1205 601 1288 συναγωγῇ
617 1200 696 1285 πρός
717 1199 963 1289 σκυθρωπότητα
985 1210 1042 1272 καί
1060 1209 1139 1274 δνο-

51 1307 127 1392 ιοτιίρι
149 1304 339 1389 ἐκθλιβοόσῃ
371 1299 505 1386 δάκρυα,
528 1299 648 1375 ὁποίοις
673 1299 729 1366 καί
748 1301 848 1384 ἡμεῖς,
873 1299 890 1364 δ
912 1306 977 1368 κατ’
1000 1304 1139 1382 ἐκείνους

24 1419 41 1471 ,ο
50 1401 203 1485 δυστυχὴς
224 1399 349 1487 φόρτος,
371 1399 489 1475 ου’τοός
508 1397 725 1483 ἤμειβόμεθα·
769 1400 845 1466 ου’δέ
865 1401 926 1484 γὰρ
948 1403 1023 1468 οόδέ
1041 1427 1138 1489 προσ.

49 1507 190 1586 φωνῆσαι
224 1503 322 1584 ἐξῆν).
345 1539 386 1552 -
409 1503 442 1566 ἐν
471 1504 575 1564 τοίνυν
595 1501 632 1586 τῇ
652 1496 781 1587 τοιαύτῃ
805 1502 862 1585 νηῒΙ
880 1503 952 1566 τότε
972 1503 1139 1570 καταπαύ-

47 1624 150 1675 σαντες
172 1605 212 1689 τῇ
233 1598 386 1683 ἐπαύριον
408 1597 499 1687 [nesci
529 1601 622 1682 τιμῆς
652 1598 764 1679 ὁμοίας
799 1596 987 1684 ἀνήχθημεν
1017 1607 1063 1679 εἷς
1083 1603 1140 1668 τόν

47 1699 212 1784 Κομνηνόν
231 1703 384 1775 Ἀλέξιον·
427 1696 506 1762 ἔνθα
528 1701 616 1781 θῆρα
630 1698 847 1780 εἶκονομόχον,
869 1703 900 1764 Γ
897 1700 1040 1784 ελίελμόν
1059 1729 1140 1790 τινα,

47 1797 77 1874 δς
97 1801 130 1863 ἐκ
148 1803 205 1882 τῆς
219 1803 365 1866 Νικαέων
387 1801 497 1884 διέδρα
513 1795 567 1862 τόν
581 1796 798 1880 Ἀνδρόνικον,
819 1793 836 1861 ό
856 1795 950 1876 τόπος
977 1800 1054 1886 ἦμῖν
1074 1805 1140 1882 ἐξέ.

26 1917 147 1983 σφηνεν,
174 1893 285 1982 ἄγριον
311 1901 427 1964 ἐκείνω
453 1899 509 1962 καί
537 1891 604 1964 οἷον
625 1899 785 1962 θανατοῦν
813 1899 869 1962 καί
887 1905 1008 1983 προτοῦ
1027 1903 1139 1988 ἐμφα-

44 2006 128 2076 γεῖν·
173 1994 208 2074 δς
231 1993 283 2063 οἷό
304 2022 352 2074 τις
374 1995 513 2080 Ἐριννός
529 1994 725 2084 τραγῳδική,
746 1994 830 2079 ἔχων
851 2001 920 2063 κατ’
941 2003 1064 2087 ἐκείνην
1084 2006 1141 2070 καί

44 2098 146 2184 δᾷδας,
170 2095 403 2183 ἐρεβοδιφὴσας
418 2093 501 2181 ἡμᾶς
517 2090 572 2181 (ἦν
591 2095 651 2182 γόρ
674 2089 735 2182 ἤδη
748 2096 832 2182 seii),
855 2101 911 2164 καί
930 2097 1035 2186 εδριδν
1058 2097 1139 2168 ἐνθα

43 2202 93 2278 γῆς
114 2195 355 2284 ἐκοιταζόμεθα,
378 2198 419 2260 ου’
439 2195 518 2281 πρός
542 2192 640 2262 δπνον
664 2197 869 2281 (ἐπτερύξατο
889 2196 952 2284 γάρ
973 2198 1139 2281 καίαδτδς

42 2297 72 2372 ἐξ
90 2297 181 2380 ἡμῶν
199 2300 253 2362 ἐπί
271 2296 386 2373 νόκτας
398 2290 458 2382 ἤδη
479 2295 694 2384 condocti!
717 2289 767 2361 ότι
787 2295 833 2381 μή
854 2296 983 2381 εἴχομεν
999 2291 1150 2388 ν’]’καθῆ-Ι

24 2403 113 2466 ασθαι
131 2394 151 2482 ἢ
166 2398 318 2463 ἵστασθαι
334 2392 387 2464 οἷα
401 2400 613 2482 πολοημέροις
627 2401 915 2482 καταπεπονημένοι
931 2408 1046 2488 κακοῖς,
1058 2400 1138 2466 οἶνό-

40 2500 122 2576 θεμα
143 2497 226 2583 πρός
239 2500 317 2581 βοήν
335 2496 437 2580 συχνοὶ
453 2497 646 2582 ἐβαρβάριζε
666 2497 787 2561 κατότι
808 2497 905 2562 κακόν
921 2500 1070 2584 φροίμιον
1091 2504 1136 2589 τῷ

40 2598 79 2677 μὴ
116 2598 309 2683 φονεύσαντι
335 2597 437 2681 ἡμᾶς,
470 2594 626 2678 παρόντος
655 2597 710 2660 καί
738 2597 867 2680 α’γαθοό
886 2596 968 2674 τινός
991 2600 1136 2686 α’δελφοῦ

41 2690 122 2785 circi
154 2699 190 2776 ἐξ
221 2696 261 2760 οδ
289 2694 370 2762 κατὰ
397 2700 459 2762 τῶν
488 2698 610 2762 σεπτοόν
632 2693 761 2761 εἰκόνων
789 2695 843 2762 τόν
863 2700 951 2782 θῆρα
974 2699 1136 2781 ἐμάθομεν

40 2979 168 3028 ecesse,
196 2963 243 3033 qui
270 2963 530 3034 archiepiscopatum
555 2961 770 3026 administraret,
797 2964 833 3015 ad
851 2972 960 3016 centum
979 2968 1134 3020 centenaria

40 3033 81 3100 (ab
101 3035 244 3106 divitinsi)
265 3036 409 3105 quotannis
428 3035 470 3086 ilii
490 3034 678 3106 praebentem
699 3034 798 3087 deinde
816 3037 845 3087 in
864 3037 926 3088 navi
946 3036 1072 3106 Sipbanti
1090 3055 1134 3089 re-

39 3107 220 3172 quiescentes,
240 3113 271 3157 ut
286 3105 396 3168 licebat,
416 3114 444 3156 et
456 3113 603 3174 argentum,
626 3105 699 3175 quod
717 3105 797 3158 nobis
814 3106 1012 3174 imperaverant
1023 3109 1135 3177 superbi

38 3177 148 3241 piratae,
168 3185 343 3244 expectantes
366 3175 448 3246 (iilud
469 3178 541 3228 enim
560 3175 639 3228 nubis
659 3177 774 3245 primum
800 3176 981 3230 deversorium
1009 3179 1134 3245 contigit,

38 3247 148 3318 captivis
167 3247 305 3310 refertum,
322 3256 354 3298 ut
367 3253 472 3298 ceterae
483 3265 573 3310 naves,
591 3249 638 3317 qui
656 3265 704 3298 nos
717 3248 845 3298 miserari.
862 3251 983 3317 quamvis
993 3259 1133 3317 cuperent,

37 3333 87 3367 nun
108 3317 267 3378 audebant,
289 3318 338 3370 sesi
357 3317 478 3369 dolorem
506 3327 596 3370 tamen
614 3318 690 3369 vultu
715 3317 750 3368 acl
769 3319 905 3370 tristitiem
932 3320 1082 3388 composito
1105 3329 1133 3372 et

38 3388 151 3440 lacrimis
172 3391 309 3440 moestitia
330 3390 461 3459 expressis
486 3389 686 3456 significabant:
712 3389 739 3438 id
758 3388 931 3458 quodetiam
951 3407 1000 3442 nos
1013 3390 1132 3442 vicissim

36 3459 211 3524 faciebamus,
231 3477 318 3530 aeque
334 3467 417 3530 atque
432 3460 474 3511 iiii
486 3459 567 3511 bomo
580 3461 765 3511 calamitosus:
783 3475 845 3510 narn
858 3473 893 3510 ne
906 3460 1009 3530 alioqui
1022 3459 1132 3530 quidem

36 3546 201 3600 quemquam
221 3531 333 3602 licebat)
353 3561 387 3571 -
406 3532 434 3580 in
448 3531 497 3580 itia
513 3532 596 3598 igitur
614 3531 742 3581 navitam
759 3537 839 3581 nocte
858 3539 1001 3594 transacta,
1020 3539 1131 3600 postero

36 3597 76 3650 δὶα
95 3619 188 3670 aeque
207 3601 356 3653 honorifice
367 3601 400 3651 ad
411 3601 534 3652 Alesiam
545 3602 710 3656 Comnenrnn
729 3599 838 3652 deducti
858 3617 965 3652 sumus:
985 3601 1032 3653 ubi
1046 3601 1130 3654 feram

36 3673 198 3739 imaginibus
216 3672 349 3735 infestam,
362 3672 526 3723 Getieimum
540 3670 684 3741 quendam,
703 3673 751 3741 qui
772 3687 787 3722 e
805 3671 994 3723 Nicaeensium
1021 3672 1131 3726 civitate

35 3743 220 3794 Andronicum
235 3747 372 3810 effugerat,
383 3744 543 3805 invenimus,
552 3741 687 3793 hominem
699 3743 814 3793 ferocem
826 3749 854 3793 et
864 3743 940 3813 qnasi
951 3743 1024 3812 prius
1035 3759 1131 3796 necare

34 3814 152 3878 solitum,
175 3831 242 3884 quos
264 3811 419 3864 devoraret:
443 3815 490 3884 qui
514 3814 602 3864 furiae
622 3814 739 3880 tragicae
756 3813 860 3875 instar,
880 3813 965 3864 facem
983 3815 1080 3878 etiam,
1101 3823 1132 3868 ut

34 3884 88 3945 illa,
110 3885 240 3937 manibus
260 3891 370 3946 tenens,
389 3901 437 3953 per
464 3884 589 3936 tenebras
610 3884 765 3953 (tamenim
788 3901 841 3934 nox
859 3886 929 3954 erat)
947 3902 996 3936 nos
1014 3901 1132 3954 quaere-

33 3953 85 4016 bat,
109 3965 140 4008 et
163 3973 248 4026 quurn
268 3956 423 4018 invenisset,
445 3955 493 4006 nbi
512 3955 669 4006 cubaremus
698 3972 754 4006 non
772 3953 805 4005 ad
824 3972 945 4006 somnum
970 3955 1132 4025 capiendum

32 4025 90 4094 (qui
111 4029 170 4076 iam
192 4026 283 4078 multis
296 4043 345 4077 nos
364 4025 490 4078 noctibus
510 4027 639 4094 ingerat),
660 4025 707 4078 sed
728 4025 792 4096 quia
812 4042 862 4076 nec
880 4035 950 4077 stare
969 4044 1020 4080 nec
1037 4027 1132 4080 sedere

31 4106 208 4161 poteramus,
230 4097 376 4147 multorum
394 4096 499 4148 dierum
519 4099 653 4148 aerumnis
674 4095 817 4158 exhausti,
838 4096 997 4166 frequenter
1017 4097 1131 4151 barbaro

31 4168 150 4235 quodam
165 4169 285 4218 carmine
296 4167 493 4230 exsecrabatur,
507 4169 663 4238 quicunque
675 4183 781 4218 nosnon
800 4166 951 4236 occidisset·
984 4169 1132 4221 comitaba-

29 4240 163 4290 tnrilium
187 4247 275 4290 autem
292 4237 380 4290 bonus
399 4238 508 4310 qnidam
526 4240 619 4303 irater,
641 4255 673 4290 ex
691 4253 746 4308 quo
763 4238 846 4290 ieram
865 4239 946 4292 istam
965 4239 993 4290 in
1003 4240 1130 4308 imagines

82 4335 140 4389 Leo
165 4335 378 4387 Grammaticus.
904 4333 939 4385 30
