2838 4902
355 310 412 376 nn
437 305 818 377 consumantes.
953 364 988 405 „
1053 301 1126 376 sos

48 459 186 533 uoisdsss
207 457 323 546 αότήν·
365 457 442 544 όπιρ
465 458 484 526 ό
508 453 618 536 ddisse
644 463 702 524 asle
728 449 895 546 όφόλιιξιν.
943 459 999 528 sni
1020 457 1130 528 tornis

52 560 276 649 α’ναγνοόοαντσς
302 558 358 626 τόν
384 562 479 644 τόμον
508 555 714 645 όν-ἑασόήσιιν
749 557 779 627 οἱ
797 563 852 624 aad
872 558 1130 642 ψευδοσυλλόγον

51 666 271 748 προασπισταό,
304 659 338 726 όν
358 659 568 743 ἐπωνόμασαν
597 654 672 744 όρον
688 657 742 744 τής
762 654 899 744 ἑβδόμης
919 655 1053 726 συνόδου
1075 657 1131 738 τῆς

51 764 295 845 όνΒλαχόρναις,
315 760 601 842 ἅναόσματόσαντες
628 755 660 824 oi
679 760 739 824 τιό
763 759 960 838 ἀναθήματος
978 753 1131 844 κληρονό-

30 875 99 945 ipos
117 859 191 937 τούς
211 857 403 946 όρθοόόξους
418 859 510 942 ajacis
530 858 745 944 πατριάρχας,
769 852 884 942 ἤρανον
904 859 940 922 di
960 880 1047 932 τινας
1065 877 1131 939 μη-

50 963 228 1044 τροπολίτας
248 955 304 1024 καί
323 957 513 1036 ἐπισκόπους
531 960 594 1024 τῶν
607 954 786 1042 όρθοόόξαιν
806 959 998 1039 τυραννικῶς
1017 949 1131 1038 σόρον·

50 1082 105 1139 τες,
125 1057 272 1144 ῥήξαντες
292 1060 327 1123 όν
346 1060 432 1146 μέσον
452 1059 507 1142 ιής
528 1055 695 1145 λῃστρικῆς
715 1059 820 1124 adesis
839 1054 993 1135 noadiae,
1013 1053 1130 1139 ἐπάτη-

51 1183 113 1244 σαν,
133 1159 176 1236 ιός
192 1160 290 1243 diliis
319 1182 349 1224 τι
369 1157 497 1240 educitis
523 1159 684 1233 ποιοῦντες
705 1156 735 1223 oi
758 1157 891 1238 ἀσεβεῖς,
912 1154 967 1219 καί
987 1151 1133 1238 παραδό-

51 1281 153 1335 σαντσς
176 1255 298 1335 αότοός
316 1265 384 1335 τοῖς
403 1256 614 1340 στρατιώταις
629 1251 887 1342 αἱματοφόρτοας
909 1252 1069 1338 ἀπήγαγον
1087 1255 1159 1330 sien

22 1355 102 1433 ίθτός
124 1355 270 1444 φυλακὰς
291 1355 346 1421 καὶ
363 1358 408 1433 εἰς
428 1353 467 1420 τό
487 1353 708 1440 δεσμωτήρια·
750 1351 935 1438 ποιήσαντες
957 1354 993 1417 di·
1012 1351 1134 1437 ἡμέρας

49 1456 128 1534 τινός
159 1457 259 1521 ἐκεῖσε
279 1453 374 1520 πόλιν
393 1452 562 1540 ἔξήναγον,
591 1457 646 1520 καί
670 1451 890 1538 α’νακρόναντες
913 1455 968 1518 καί
987 1449 1134 1538 εόρόντις

50 1554 88 1638 μή
107 1555 315 1637 πειθομένους
340 1561 407 1632 τοῖς
437 1554 495 1620 siss'
524 1557 632 1620 criseis
661 1556 837 1636 λεγομέναις
867 1549 1051 1638 όπέμνησαν
1079 1546 1135 1617 τόν

51 1652 180 1740 όρχήγόν
206 1655 268 1720 τοῦ
286 1652 443 1738 ψιόόους,
475 1657 531 1720 καί
558 1647 745 1720 ἀπέστειλαν
773 1649 890 1728 adscit
919 1652 966 1727 εἰς
989 1653 1134 1736 ε’ξορόαν·

52 1748 101 1829 σός
118 1776 207 1830 τινας
227 1757 284 1819 καί
302 1755 338 1820 ἐν
359 1757 398 1841 τῇ
417 1755 524 1842 ε’ξοριήι
545 1756 675 1837 πόμασιν
709 1751 904 1836 ἐβασάνιζεν.
945 1751 1051 1818 λοιπόν
1076 1741 1135 1814 σόν

22 1863 46 1914 15
54 1854 151 1936 λαβών
171 1851 207 1920 τό
233 1854 346 1938 κρότος
363 1853 578 1938 τήςοῖσεβεόας
598 1857 704 1920 πᾶσαν
720 1850 861 1938 πονηρόν
878 1851 1135 1938 όραματσυργόαν

53 1953 217 2038 εἰργάζετο,
237 1951 296 2029 τός
315 1954 352 2019 di
368 1951 555 2037 όπαντυχοῦ
573 1952 696 2030 εἰκόνας
711 1957 773 2018 seis
786 1952 957 2038 ἐκκλησιῶν
971 1953 1136 2035 κατέστρε-

52 2069 107 2132 ψεν
126 2049 182 2117 κατ’
197 2053 400 2133 κατέκαυσεν,
418 2057 473 2118 κατ’
495 2049 577 2138 όερό,
589 2053 688 2138 σκευή
707 2055 896 2136 συνέτριψεν
917 2049 1033 2136 ἔχοντα
1051 2046 1137 2116 εἰκό-

54 2151 188 2238 νας,καί
210 2150 287 2230 rode
306 2151 488 2234 τολμῶντας
511 2153 699 2238 testicutes
726 2150 1023 2236 s'yiascoosssirsposv·
1062 2147 1138 2226 τοός

55 2254 105 2330 μὲν
124 2249 298 2339 ἐφόνευσεν
317 2246 381 2317 sissi
414 2253 549 2338 δαρμοῦ,
579 2251 775 2336 καταστήσας
803 2253 858 2317 καὶ
886 2247 1061 2336 elpidioque
1082 2247 1168 2317 nis-c

23 2349 196 2436 lldpoinoue
218 2353 361 2438 α’σεβεῖς,
387 2349 440 2417 ἵνα
460 2345 540 2415 ὅπου
569 2349 611 2418 όν
638 2346 761 2436 siponi
778 2373 869 2425 τινας
886 2347 931 2435 μή
953 2348 1153 2414 κοινωνοῦν·

56 2473 103 2526 τας
121 2449 393 2538 καταμηνύσωσιν.
446 2445 503 2527 σός
524 2473 614 2526 τινας
642 2447 886 2535 ιόρισκομόνους
911 2449 1022 2536 δαρμῷ
1052 2448 1138 2535 os'po-

55 2551 127 2642 ρήτρ
146 2554 404 2640 καθυπέβαλλεν,
424 2547 576 2640 ipsissima*
590 2553 646 2652 κατ’
663 2548 720 2632 τός
739 2545 927 2630 όποστόσεις
947 2549 1064 2632 usiosis,
1082 2545 1139 2614 sui
1215 2541 1216 2546 ¹

57 2823 159 2902 regnum
176 2841 330 2906 capesseret
350 2843 379 2890 et
397 2835 576 2890 orthodoxam
589 2835 669 2887 fldem
687 2851 743 2888 noa
760 2835 961 2887 iromutntunsrn
979 2849 1008 2886 se
1024 2831 1138 2904 prolite-

57 2915 138 2970 retus,
161 2906 238 2978 quod
267 2907 363 2960 infelix
386 2905 460 2958 haud
487 2907 653 2968 custodivit,
679 2905 859 2960 iuramentum
877 2903 1049 2975 interposuit.
1085 2903 1139 2956 lsoc

57 2985 129 3044 paeto
142 2985 246 3030 tomum
266 2978 344 3030 illusa
355 2994 370 3030 a
383 2976 585 3048 pseudosynodi
604 2979 696 3060 (qnam
709 2979 839 3098 septimae
850 2973 947 3044 synodi
964 2974 998 3053 ad
1008 2973 1138 3026 Blacher-

57 3063 99 3098 nas
125 3048 264 3100 decretum
289 3050 463 3120 vocaverunt)
496 3047 684 3102 defensorsbus
716 3049 819 3100 eitum
845 3063 934 3099 corana
959 3045 1092 3113 legerunt,
1110 3051 1140 3096 et

57 3117 216 3172 orthodoxos
235 3119 399 3190 patriarchas
416 3127 521 3172 nostros
541 3119 720 3171 mathematis
739 3115 867 3171 haeredes
885 3115 1056 3169 anathemate
1074 3131 1139 3186 per-

57 3197 198 3253 cusserunt,
217 3199 246 3242 et
262 3205 336 3242 more
354 3191 493 3257 tyrannico
504 3189 690 3260 metropolitas
709 3197 737 3241 et
750 3190 889 3259 episcopos
907 3185 1072 3240 orthodoxos
1089 3201 1140 3253 per

57 3259 104 3310 vim
122 3269 221 3312 tractos
242 3267 270 3312 et
289 3261 318 3313 in
329 3261 446 3313 medium
464 3258 651 3330 praedatoriae
667 3260 745 3312 istius
764 3259 859 3327 synodi
876 3259 1009 3328 proiectos
1027 3257 1139 3308 conoul-

57 3340 179 3384 caverunt
201 3330 337 3401 pedibus,
363 3333 440 3402 ‹puasi
457 3331 568 3401 pietatis
586 3347 654 3400 opos
676 3331 824 3400 impietatis
842 3329 957 3380 ministri
974 3333 1094 3395 agerent,
1110 3332 1140 3379 et

56 3404 159 3471 proprio
179 3403 311 3470 sangnine
329 3403 443 3456 inlectos
463 3401 650 3470 militibusque
668 3401 783 3453 traditos
801 3401 830 3452 ln
846 3399 981 3451 custodias
998 3405 1027 3451 et
1048 3411 1140 3448 carce-

58 3487 95 3522 res
114 3473 294 3525 detruserunt.
331 3473 370 3523 ibi
392 3491 426 3524 ue
453 3471 549 3525 diebus
578 3473 684 3542 aliquot
709 3472 835 3524 detentos
861 3486 962 3521 rursum
981 3467 1093 3520 eductos
1109 3473 1141 3522 et

56 3545 215 3596 erasninatos
241 3560 343 3596 mosem
368 3491 449 3596 «lictis
478 3542 534 3596 suis
560 3544 669 3612 gessisse
692 3559 748 3594 non
773 3541 959 3611 reperientes,
976 3540 1140 3611 imperatore

57 3614 182 3666 mendacii
209 3622 318 3666 auclore
344 3612 379 3665 de
397 3615 432 3666 iis
452 3613 575 3678 monito,
597 3614 626 3665 in
648 3613 760 3665 exilium
780 3614 924 3678 miserunt3
942 3625 1009 3682 quos
1028 3612 1140 3676 insuper

56 3681 82 3733 in
98 3686 178 3736 exilio
194 3687 301 3755 positos
317 3684 405 3737 missis
424 3683 571 3738 tortoribus
591 3684 669 3736 variis
692 3684 831 3754 suppliciis
849 3684 945 3734 affecit.
982 3697 1036 3734 uno
1056 3680 1139 3748 igitur

58 3769 109 3804 cum
134 3756 248 3825 imperio
273 3755 378 3808 lacinus
401 3753 514 3826 quodvis
530 3755 642 3824 impium
666 3754 841 3824 perpetrandi
860 3758 995 3823 potestate
1014 3758 1138 3821 arrepta,

56 3825 155 3876 nullum
177 3826 266 3877 scelus
290 3827 341 3878 sibi
364 3842 420 3878 non
449 3825 645 3877 admittendum
667 3824 795 3886 decrevit,
822 3825 932 3875 anullo
950 3821 1062 3874 crimine
1082 3819 1138 3872 sibi

56 3899 154 3961 putavit
172 3897 383 3966 temperandum.
419 3897 549 3964 imagines
562 3913 625 3948 vero
645 3913 693 3966 per
711 3896 838 3948 eeclesiae
860 3894 947 3947 ubivis
966 3901 1066 3946 erectas
1087 3889 1137 3942 de-

56 3968 139 4032 posuit
156 3973 187 4018 et
205 3967 359 4029 combussit,
376 3983 576 4036 sacraquevaea
594 3966 705 4018 caelatis
722 3965 883 4034 imaginibus
903 3965 1017 4033 iusignia
1034 3961 1137 4016 contri·

56 4037 98 4086 vlt.
134 4038 168 4089 de
186 4037 228 4090 his
247 4036 382 4090 obmutire
401 4039 472 4090 ausis
485 4037 590 4105 linguas
603 4036 728 4099 abscidit,
747 4039 812 4089 istos
827 4033 953 4087 contudit
969 4029 1137 4094 verberibus,

57 4105 118 4159 alios
134 4109 302 4162 delatoribus
319 4117 349 4161 et
365 4108 455 4179 impiis
472 4107 627 4160 hominibus
645 4108 786 4171 institutis,
806 4114 837 4158 ut
855 4105 1010 4176 ubicunque
1030 4103 1137 4173 aliquos

56 4175 103 4231 sibi
118 4195 174 4236 uon
194 4181 420 4234 communicantes
438 4180 596 4253 reperirent,
615 4179 733 4233 accusari
750 4178 881 4251 permisit·
907 4183 1027 4248 repertos
1044 4181 1136 4228 autem
