2834 4898
451 282 823 350 CHRONOGRAPHIA.
1095 285 1164 354 175

82 427 178 522 Λίνον,
197 437 261 500 τάν
282 432 377 517 ἱεράν
398 436 556 518 καγκίλων
581 435 641 498 τοῦ
662 437 897 520 θυσιαστηρίου
918 435 1091 522 ἁψάμενος,
1116 443 1166 506 δέ.
1219 507 1223 516 ,

88 541 172 600 dures
195 532 347 620 ἐγγυητήν
376 532 434 598 sir
461 530 730 618 μεγαλομάρτυρα
755 536 812 598 τοῦ
834 539 1002 624 Χριστοῦ,
1023 534 1167 606 ’ἑστώτων

87 640 137 699 τῶν
153 637 319 704 ,Ἰουδαίων
347 631 436 708 δκτδς
463 636 530 696 τοῖν
558 635 666 697 πυλῶν
698 637 757 695 τοῦ
786 637 887 714 ναοῦ,
911 635 967 702 καί
989 641 1168 720 δεχομένων

87 733 130 798 τόν
149 729 240 819 ὅρκον
261 736 338 816 παρ’
359 733 471 798 adseri.
514 732 569 796 καί
587 725 685 808 αὖθις
706 725 805 820 ᾤχετο
820 732 948 810 ἕκαστος
967 741 1012 812 εἰς
1026 735 1065 803 τά
1087 738 1165 807 ὶδια.

69 831 119 918 σάν
137 837 170 900 δὲ
187 837 247 900 τῶν
270 833 463 898 ἀνατολικῶν
485 829 657 917 στρατηγὸς
679 828 746 898 τότε
756 837 891 910 Σισίνιος
911 838 1093 921 πατρίκιος·
1115 844 1167 924 ἐφ’

87 925 118 998 οὗ
136 937 195 1000 καί·
207 937 303 1002 Λέων
335 933 596 1016 στρατολογηθείς
626 932 660 998 ἐν
690 934 785 1022 σ’λίγρι
810 935 916 1022 χρόνῳ
938 940 984 1011 είς
1006 937 1168 1022 προκοπὴν

85 1030 219 1120 μεγίστην
240 1029 478 1116 ἀναβιβάζεται,
499 1029 679 1114 σπαθάριος
700 1033 936 1116 προχειρισθεὶς
954 1034 1016 1100 v‘rrd
1037 1039 1167 1104 'Incuss-

86 1136 182 1197 νιανοῦ
200 1137 257 1198 τοῦ
275 1129 478 1218 ῥινοτμὴτου.
529 1131 585 1196 καί
603 1129 644 1194 τά
664 1126 797 1216 ἑσπέρια
819 1134 1015 1222 ἐκπεμφθείς
1034 1140 1089 1202 καί
1110 1161 1167 1218 με·

86 1230 117 1296 τά
145 1235 278 1318 μεγάλης
304 1229 392 1314 νίκης
432 1227 578 1295 α’νελθιδν
615 1235 842 1317 προεχειρίσθη
871 1233 958 1318 παρά
996 1237 1167 1304 Θεοδοσίου

56 1331 244 1419 ιοοτρατηγὸς
265 1333 310 1410 εἷς
331 1327 495 1414 ἀνατολήν.
538 1329 596 1414 την
627 1333 664 1396 δὲ
683 1335 849 1414 βασιλείαν
870 1335 972 1399 αὐτοῦ
990 1340 1168 1421 κρατήσαν-

84 1456 127 1509 τος
146 1432 247 1522 τρόπρι
281 1434 336 1521 οῗρι
358 1433 563 1516 προείρηται,
590 1436 772 1516 προσῆλθον
802 1433 831 1498 οἱ
851 1431 982 1515 μάντεις
1006 1434 1036 1501 οἱ
1058 1441 1171 1504 τοῦτον

81 1530 405 1616 χρησμοδοτὴσαντες,
434 1532 489 1595 καί
523 1533 799 1616 δεξιολαβηθίντες
822 1534 993 1602 ἀπαιτοῦσι
1013 1540 1089 1620 παρ’
1109 1539 1169 1602 ου’-

82 1637 130 1716 τοῦ
152 1629 206 1717 τήν
226 1628 420 1714 ὑπόσχεσιν·
466 1632 525 1697 τοῦ
548 1634 584 1696 δὲ
614 1627 748 1712 ἑτοίμως
769 1634 1036 1717 ἐπαγγειλαμένου
1057 1640 1167 1702 τίποδι-

84 1728 167 1796 δόναι
185 1733 299 1814 αὐτοῖς,
322 1725 410 1796 εἶπον
432 1729 461 1797 οὶ
481 1731 636 1814 θεομάχοι
654 1734 767 1796 “surita
790 1733 969 1814 αἰτούμεθα
989 1736 1077 1822 παρά
1099 1741 1168 1824 σοῦ,

54 1834 213 1913 15βασιλεά,
235 1837 287 1898 ἴνα
308 1832 362 1898 τὸν
380 1833 569 1917 χαρακτῆρα
591 1833 651 1896 τοῦ
667 1830 862 1916 Ναζωραίου
873 1838 1020 1920 Χριστοῦ
1039 1831 1167 1924 καὶτῆς

82 1929 188 2013 μητρὸς
211 1933 310 1998 αὐτοῦ
345 1937 401 1997 καί
420 1931 546 1998 πάντων
567 1935 631 1997 τοῖν
651 1930 749 2016 άγίων
769 1935 805 1998 ἐκ
829 1933 931 2021 πάσης
951 1937 1166 2022 ἐκκλησιαστι-

83 2032 128 2108 xic
147 2027 283 2115 ἱστορίας
303 2033 503 2118 α’παλειψης,
525 2033 581 2096 καί
606 2033 696 2096 τοῦτο
717 2035 816 2097 ποιεῖν
840 2039 965 2114 μέλλεις
986 2033 1169 2118 βασιλεύειν

83 2119 149 2208 ips
168 2131 290 2214 χρόνων
312 2125 423 2196 ἑκατὸν
443 2133 477 2195 ἐν
496 2131 537 2218 τῇ
557 2134 647 2219 γενεᾷ
668 2135 757 2195 σου.”
779 2131 795 2196 δ
819 2136 854 2198 δὲ
877 2134 1046 2219 α’λιτηρισς,
1069 2135 1167 2219 άοτὴ.

87 2251 178 2309 ρικτος
201 2225 247 2295 σάν
277 2235 318 2318 τῇ
340 2235 462 2316 πίστει,
492 2225 681 2312 ἓτοιμάτατα
716 2231 752 2298 τὸ
783 2237 915 2317 αἰτηθὲν
935 2236 1167 2320 ἐπαγγέλλεται,

53 2331 131 2391 torni
147 2328 225 2416 πρὸς
244 2333 336 2396 τοῦτο
359 2324 420 2417 ἤδη
441 2331 564 2414 έχολρει.
606 2332 723 2417 ἐτέχθη
753 2334 789 2398 δὲ
810 2337 855 2422 τῷ
875 2335 1026 2415 δυσσεβεῖ
1041 2339 1172 2412 βασιλεῖ

84 2430 188 2501 Λέοντι
208 2430 278 2506 υἱός
299 2429 434 2512 δυδματι
448 2435 708 2515 Κωνσταντῖυος,
731 2425 768 2496 dv
790 2434 824 2497 ἐν
848 2436 889 2519 τῇ
910 2432 986 2521 άγίρ
1006 2431 1168 2520 κολυμβη-

83 2531 139 2615 δρρ
170 2535 204 2596 ἐν
236 2534 280 2618 τῷ
296 2533 508 2614 βαπτίζεσθαι
541 2527 615 2618 [σάς]
647 2554 747 2616 φασιν
773 2533 969 2619 α’φοδεῦοαι,
993 2531 1094 2598 δεινὸν
1113 2534 1170 2600 καί

86 2628 214 2706 δυοοῖδες
235 2637 461 2716 προσημαίνειν
481 2629 658 2714 τεκμήριον.
711 2629 992 2715 μεταστειλάμενος
1012 2632 1074 2716 γάρ
1098 2637 1169 2715 μετ’

85 2729 118 2788 ου’
143 2729 222 2796 notri
250 2733 280 2796 Γ
277 2730 415 2814 ερμανδν
448 2731 651 2815 πατριάρχην
680 2729 698 2794 δ
727 2731 879 2814 βασιλεύς
909 2725 1025 2816 ἤρξατο
1055 2733 1168 2817 λόγους

145 2917 184 2969 13.
203 2915 290 2973 αὐτοῦ
308 2912 368 2992 την]
391 2909 477 2985 αὐτὴν
496 2917 516 2968 C

84 3090 207 3142 cancellos
232 3076 370 3160 ampiexus
394 3105 443 3158 per
471 3087 604 3140 Christum
633 3089 746 3151 iuravit,
773 3086 907 3140 stantibus
934 3093 1009 3138 extra
1037 3087 1169 3157 templum

83 3158 176 3212 iudaeis
196 3170 224 3212 et
242 3160 428 3212 iusiurandum
447 3159 506 3211 eius
526 3159 729 3229 accipientibus.
767 3166 823 3210 tum
845 3160 960 3230 quisque
980 3173 1029 3208 sna
1046 3159 1090 3209 via
1110 3175 1170 3226 per-

83 3232 149 3282 rexit.
185 3240 243 3283 erat
266 3240 322 3284 turn
349 3233 378 3284 in
398 3231 510 3282 Oriente
531 3229 585 3282 dun
605 3230 719 3282 sisinius
746 3230 888 3300 patricius,
906 3228 955 3280 snb
976 3244 1030 3298 quo
1051 3228 1171 3280 militans

83 3299 130 3351 Leo
148 3301 222 3358 brevi
250 3311 374 3370 tempore
402 3301 436 3352 ad
455 3319 571 3354 summas
595 3301 743 3369 dignitates
767 3301 909 3370 provectus
939 3306 999 3363 est,
1017 3299 1171 3369 spatharius

84 3369 192 3426 iactura
219 3373 371 3425 iustiniano
397 3373 568 3434 Rhinometo.
615 3373 646 3428 in
677 3371 846 3424 occidentem
871 3371 966 3424 missus
984 3387 1068 3440 quuns
1085 3371 1172 3422 victor

84 3442 196 3509 redisset,
214 3462 229 3496 s
249 3443 407 3497 Theodosio
427 3444 484 3496 dux
504 3453 545 3496 est
563 3443 682 3496 Orientis
709 3444 882 3494 constitutus.
919 3449 1014 3513 postea
1034 3458 1117 3510 quum
1139 3457 1171 3492 ea

84 3514 186 3578 ratione,
208 3532 262 3586 qus
288 3515 419 3579 diximus,
442 3531 524 3584 regno
554 3515 659 3583 potitus
689 3521 775 3576 esset,
803 3512 930 3564 adierunt
949 3529 1010 3564 eum
1028 3519 1103 3565 vates
1122 3513 1171 3581 qui

83 3585 272 3651 praedixerant,
292 3596 320 3640 et
337 3587 474 3655 promissis
494 3594 525 3637 nt
552 3593 637 3637 staret
658 3584 874 3654 postulaverunt.
911 3585 957 3654 qui
980 3599 1062 3652 quum
1082 3599 1110 3634 se
1128 3583 1171 3634 fs·

84 3669 135 3705 cere
152 3658 222 3708 velle
235 3657 412 3726 significasset
433 3656 561 3709 dixerunt
576 3657 635 3708 illi:
655 3655 725 3707 “hoc
744 3663 772 3707 te
790 3655 944 3724 poscimus,
965 3670 1021 3716 rex,
1042 3660 1073 3704 ut
1089 3651 1169 3705 Chri-

84 3724 113 3773 sti
132 3734 159 3778 st
179 3730 271 3779 matris
290 3730 349 3779 eins
367 3737 395 3780 et
412 3730 532 3780 omniurn
560 3733 712 3778 sanctorum
731 3727 842 3777 nomina
864 3742 897 3776 ει
914 3733 972 3778 tota
992 3723 1170 3777 ecclesiastica

84 3791 186 3849 historia
206 3797 311 3864 deleas3
331 3799 446 3868 quodsi
467 3799 573 3861 feceris,
594 3797 645 3850 100
670 3813 755 3849 annos
776 3795 872 3848 domus
892 3803 939 3846 tua
958 3794 1107 3864 regnabit.”
1127 3796 1170 3847 in-

84 3879 154 3917 sanus
171 3869 221 3921 ille
239 3877 267 3922 et
285 3870 417 3923 fluctuans
436 3869 490 3922 fide
511 3867 692 3921 libentissime
715 3868 853 3938 postulata
872 3865 945 3930 fecit,
965 3873 993 3918 et
1010 3866 1046 3918 sd
1063 3867 1171 3937 perfici-

84 3935 190 3988 endere
208 3941 332 3994 accinxit.
368 3950 448 3993 natus
470 3947 512 3992 est
531 3941 615 4009 impio
643 3940 729 3993 Leoni
747 3939 819 3990 filius
840 3937 949 3994 nornine
967 3936 1170 4000 Constantinus,

84 4022 155 4072 quem
174 4009 203 4058 in
223 4019 314 4061 saneto
332 4009 503 4082 baptisterio,
523 4027 607 4080 quum
634 4009 816 4080 baptizaretur
835 4025 940 4060 assasse
958 4017 1078 4072 narrant,
1097 4007 1170 4078 quod

83 4077 172 4128 malurn
192 4085 222 4130 et
237 4079 347 4131 ioedurn
368 4083 420 4132 fuit
440 4099 528 4134 omen.
573 4083 698 4132 arcessito
716 4081 799 4150 paulo
819 4088 882 4150 post
899 4079 1034 4136 Germano
1053 4081 1171 4150 patriar·

84 4145 127 4200 cha
145 4149 276 4220 illatoque
295 4150 410 4206 subdole
429 4169 552 4205 sermone
582 4153 711 4204 damnsrs
732 4152 825 4222 coepit
843 4167 936 4204 omnes
954 4159 1017 4205 ante
1035 4167 1063 4204 se
1084 4153 1172 4221 imps-
