2932 4892
456 327 828 397 ennononnannrl.
863 334 868 343 '
1136 331 1184 402 37

102 503 131 544 rs
150 476 257 562 πάσχα
293 481 392 568 κυρίῳ
420 481 559 546 έπετέλει
587 479 651 546 άπὸ
672 485 735 546 τῶν
764 479 891 566 χρόνιον
910 481 1012 565 Ἰησοῦ
1035 479 1107 549 viui
1127 487 1187 550 rosi

24 637 25 646 ,
100 581 188 662 Ναυῆ
214 581 356 644 τοιοῦτον
385 579 430 664 μὴ
452 579 633 666 γενόμενον,
662 585 718 647 καί
742 583 805 646 τοῖν
833 583 867 646 έν
893 579 1024 670 άσεβείῳ
1043 581 1100 650 τδν
1116 583 1187 666 βίον

99 677 323 764 ἐξεληλυθότων
343 675 383 743 τά
403 678 480 746 ὅσιά
500 681 686 766 συναγαγών
714 683 768 746 ἰπί
787 683 831 768 argi
852 679 1073 770 θυσιαστηρίῳ
1095 686 1187 748 κατέ-

100 801 186 842 καυσε
207 781 272 842 τοδν
300 777 455 863 εἰδώλων,
484 779 541 844 καί
568 778 670 846 πάντα
702 778 1004 862 καταστρεψάμενος
1022 781 1186 864 εὐσεβείας

23 955 25 960 Ι
79 881 135 964 ὅτῳ
152 881 216 965 λαῷ
235 887 387 962 παρεῖχεν
408 877 635 964 ὑποδείγματα.
692 882 773 966 φασί
798 882 835 944 δέ
865 878 922 944 τόν
942 881 1083 944 Χελκίαν
1105 880 1184 946 ἄνα·

23 961 25 1010 l
95 976 198 1059 γνόντα
222 973 258 1042 τά
280 975 403 1060 βιβλίον
430 983 612 1062 παραυτίκα
642 981 926 1065 διαπεφωιηκέναι.
968 977 1185 1064 προεφήτευσε

96 1077 126 1140 δὲ
144 1077 195 1140 ἐπὶ
213 1074 330 1141 τούτου
352 1077 514 1162 Ἱερεμίας
541 1077 557 1144 ὅ
589 1081 647 1144 τοῦ
674 1083 812 1144 Χελκίου
841 1078 897 1144 καί
926 1081 1098 1164 Σοφονίας,
1128 1073 1186 1144 καί

92 1173 434 1260 maternitatem
467 1181 527 1242 τοῦ
557 1175 809 1265 ἰματιοφάλοκος
838 1181 898 1244 τοῦ
918 1175 1043 1264 ἱερέας·
1085 1171 1124 1260 ἦν
1148 1179 1185 1242 δέ

96 1275 142 1338 καί
159 1277 424 1362 ψευδοπροφήτης
454 1279 612 1352 Ἀνανίας.
676 1275 756 1342 κατά
786 1274 920 1353 τούτους
948 1277 1020 1353 τούς
1049 1277 1183 1361 χρόνους

70 1379 224 1454 titillatio
246 1377 281 1440 ἐν
300 1373 398 1466 Σάμῳ
413 1378 607 1462 ε’γναριζετο,
628 1377 684 1440 καί
704 1375 739 1441 τὸ
763 1379 945 1457 Βυζάντιον
965 1379 1095 1462 ἐκτίσθη
1115 1373 1179 1441 άπὸ

97 1479 272 1559 Μεγαρέων.

165 1572 307 1658 Ἰωάχαζ
329 1573 401 1652 υὶδς
428 1576 576 1659 Ἰωσίου,
597 1577 654 1641 τὸν
684 1577 806 1659 πατέρα
828 1579 1063 1660 διαδεξάμενος,
1085 1583 1180 1660 βασι-

96 1671 166 1738 leder
183 1677 288 1758 μῆνας
306 1686 401 1761 τρεῖς.
458 1674 573 1759 Νεβάδ
598 1678 634 1742 δέ
663 1676 817 1759 βασιλεύς
836 1676 1004 1761 Αἰγύπτου
1025 1679 1181 1762 ε’πιστρα-

95 1772 195 1850 τεάσας
227 1780 265 1863 τῇ
293 1775 510 1861 Ἰερουσαλὴμ
537 1779 593 1841 καί
618 1775 855 1860 χειρωσάμενος
885 1776 941 1842 τάν
971 1776 1115 1860 Ἰονάχαζ
1133 1777 1181 1854 εἰς

68 1872 241 1956 ltnt'yvnrov
266 1872 469 1958 αἰχμάλωτον
488 1871 614 1961 άπάγει,
637 1881 692 1942 καί
704 1881 889 1960 καθίστησιν
912 1879 979 1942 α’ντ’
999 1878 1098 1942 αιίτοῦ
1116 1881 1179 1960 βα.

95 1977 170 2037 σιλέα
195 1977 250 2040 έπί
278 1974 496 2060 Ἰερουσαλήμ
523 1974 579 2042 τὸν
603 1975 759 2058 Ἴωακείμ
787 1977 844 2041 καί
862 1973 915 2042 τδν
935 1978 1116 2060 Ἐλιακείμ·
1158 1971 1179 2042 δ

95 2069 219 2159 άδελφός
242 2071 396 2157 Ἰωάχαζ.
448 2067 540 2152 οὗτος
565 2074 625 2158 τήν
653 2080 818 2159 βασιλείαν
840 2074 1066 2157 διαδεξάμενος
1084 2081 1178 2158 βασι-

94 2169 165 2234 λεύει
183 2169 236 2258 ἔτη
257 2173 311 2237 ια’.
353 2174 409 2240 ἐπὶ
435 2176 548 2241 τούτου
575 2173 863 2260 Ναβουχοδονόσορ
885 2177 1002 2258 ἐξάρας
1023 2174 1085 2238 atrro·
1107 2178 1178 2240 Βα·
1275 2242 1282 2252 ,

93 2273 217 2351 βολῶνος
252 2276 357 2359 πάσης
386 2275 568 2358 Αἰγυπτίας
603 2271 796 2360 ἐπεκράτησε
817 2278 891 2359 γῆς,
914 2279 970 2339 τ’ταί
987 2278 1050 2340 τῶν
1069 2276 1174 2356 Atyo-

65 2375 181 2448 λλπτιόις
202 2371 432 2459 πλησιοχώρων
462 2377 519 2439 οιίκ
551 2374 660 2459 ὀλίγην
681 2375 871 2450 ἀποσπάσας
891 2376 1041 2458 ἐκέκτητο,
1063 2379 1174 2440 τουτέ-

93 2493 151 2535 στιν
167 2469 227 2534 άπδ
249 2476 309 2542 τοῦ
326 2472 506 2558 χειμάρρου
520 2475 700 2556 Αἰγυπτίου
720 2471 780 2548 ἕως
802 2475 861 2538 τοῦ
880 2478 1024 2554 ποταμοῦ
1038 2469 1173 2558 Ιίιίφρά.

93 2591 156 2656 του,
189 2575 243 2638 καί
262 2571 322 2656 τὴν
345 2573 506 2640 Ἰουδαίαν
531 2571 696 2661 άπόφορον
719 2569 848 2638 άπασαν
876 2577 1068 2658 κατέστησε·
1115 2573 1172 2638 καί

94 2669 261 2739 ἐδούλευσεν
277 2666 429 2760 Ἰωακείμ
457 2678 501 2763 τῳ
520 2670 803 2758 Ναβουχοδονὸυορ
828 2669 882 2758 ἰτη
902 2671 942 2756 y'.
984 2673 1038 2739 ἰαί
1055 2671 1170 2739 τούτου

94 2989 132 3040 ille
144 2991 249 3062 (probus
269 2995 340 3046 enim
359 2997 426 3064 erat)
438 3003 465 3048 et
477 2996 576 3067 pascha
588 2996 640 3049 deo
658 2997 813 3060 celebravit,
823 2995 898 3068 quod
911 2994 973 3047 inde
985 3013 1000 3046 a
1011 2998 1082 3060 Iesu,
1091 2996 1169 3049 Naue

93 3059 144 3125 filii,
160 3066 323 3134 temporibus
343 3083 483 3138 nunqnam
499 3069 601 3120 iactrrm
613 3076 686 3131 erat,
705 3077 733 3120 et
751 3085 843 3119 eorum
853 3109 861 3133 ‚
880 3069 927 3140 qui
945 3068 974 3119 in
993 3068 1133 3136 impietate
1150 3083 1168 3120 e

93 3133 137 3183 vita
154 3134 346 3200 discesserant,
366 3139 482 3190 collecta
503 3157 562 3190 ossa
592 3141 621 3191 in
647 3139 778 3191 altaribus
802 3139 936 3190 idolerum
966 3139 1113 3190 combussit
1138 3147 1168 3192 et

93 3205 201 3257 omnibus
220 3208 299 3258 rebus
319 3209 466 3260 immutatis
486 3211 594 3277 pietatis
616 3211 769 3279 exemplum
790 3210 893 3280 populo
916 3209 1047 3261 exhibuit
1070 3209 1168 3262 ‹licunt

92 3283 165 3326 autem
183 3277 323 3341 Chellian,
347 3295 432 3348 qunrn
457 3279 581 3332 libellum
600 3282 718 3350 legisset,
737 3282 828 3332 statim
850 3282 1008 3350 exspirasse.
1044 3278 1166 3349 prophe-

92 3349 168 3398 tarunt
184 3349 232 3399 sub
263 3365 296 3400 eo
317 3351 461 3414 Ieremias,
480 3351 609 3404 Cbelliae
638 3354 724 3415 lilius,
744 3353 897 3420 Sophoniaa
916 3360 944 3404 et
960 3351 1078 3412 Heliba,
1098 3368 1167 3404 uxor

91 3413 176 3480 Selim,
200 3417 338 3488 vestispici
368 3423 525 3473 sacerdotis.
571 3432 629 3476 erat
657 3425 743 3487 etiarn
771 3423 854 3474 falsus
880 3422 1014 3492 propbeta
1038 3421 1166 3473 Ananias.

91 3482 150 3538 hisce
166 3490 330 3558 temporibus
351 3491 455 3560 Sibylla
477 3493 566 3545 Samia
585 3497 706 3554 innotuit
726 3502 754 3546 et
783 3513 800 3545 a
816 3493 1020 3563 Megarensibus
1038 3493 1165 3559 Byzanti-

92 3570 126 3606 un
143 3561 274 3612 conditum
294 3571 344 3613 est·
1184 3569 1189 3578 ’

146 3631 249 3683 loacbas
261 3633 346 3684 Iosiae
365 3634 448 3694 iilius,
466 3644 568 3703 patrem
587 3645 695 3686 secutus
714 3643 768 3686 tres
786 3651 891 3687 menses
911 3635 1040 3703 regnarit.
1059 3633 1166 3698 Nebad,

92 3695 186 3768 Aegypti
204 3721 258 3766 rex,
272 3704 457 3772 Hierosolyma
474 3725 533 3758 curn
553 3710 671 3758 exercitu
689 3706 830 3758 contendit
841 3716 868 3758 et
886 3708 985 3758 victum
996 3704 1107 3756 loachas
1119 3723 1166 3756 ca-

93 3767 176 3828 ptivurn
191 3774 221 3824 in
232 3776 381 3843 Aegyptum
396 3775 482 3837 duxit,
501 3793 562 3846 rege
574 3778 820 3844 Hierosolymorum
832 3779 981 3829 constituto
994 3777 1023 3826 in
1034 3778 1091 3827 eius
1103 3777 1166 3830 loco

93 3833 182 3903 ieelim,
202 3845 247 3913 qui
263 3847 344 3896 etiam
357 3845 472 3897 Eliakim
485 3857 613 3914 vocatur3
634 3850 716 3900 frater
729 3848 773 3898 hic
784 3857 841 3898 erat
851 3847 969 3899 Ionchas.
989 3846 1034 3899 hic
1054 3863 1167 3914 regnunt

94 3914 191 3980 suscepit
214 3924 241 3966 et
260 3916 292 3968 11
312 3933 396 3968 annus
415 3917 619 3972 administrarit.
664 3920 714 3970 sub
735 3918 788 3969 boc
807 3918 1068 3981 Nabuchodonosor,
1086 3933 1165 3970 exor-

94 3979 303 4058 sustanahyloise
332 3989 415 4039 totius
441 3991 556 4058 Aegypti
585 3991 687 4058 potitus
712 3999 761 4050 est,
780 3999 808 4041 et
835 3991 945 4058 populis
973 3990 1165 4058 Aegyptiorum

93 4059 168 4101 rrcrnrs
183 4071 235 4106 non
255 4074 364 4124 parvam
387 4067 486 4110 terram
504 4059 626 4122 abstulit,
658 4077 737 4130 quam
758 4061 811 4111 suis
831 4059 957 4125 addidit3
976 4060 995 4110 i.
1014 4077 1038 4112 e.
1058 4060 1092 4110 ab
1110 4061 1165 4113 Ae-

93 4119 220 4198 gyptiorum
238 4127 321 4180 fluvio
341 4145 427 4198 usque
444 4131 479 4181 ad
499 4131 673 4200 Euphratem.
711 4130 784 4182 idern
805 4147 911 4183 omnem
929 4131 1057 4184 iudaeam
1075 4130 1164 4182 tribu·

93 4189 168 4244 aanor
183 4193 264 4268 lecitj
290 4200 440 4272 serviitque
466 4203 492 4254 ei
510 4201 614 4256 loekim
634 4211 688 4256 tres
706 4219 802 4256 annus.
845 4202 895 4256 sub
915 4218 948 4256 eu
966 4202 1165 4274 prophetarunt
