2892 4904
265 319 341 396 tte
618 306 623 324 '
687 329 940 396 numeratus

265 479 509 566 ριεργασόμενσε
539 471 644 556 όλλονς
672 483 720 558 εἰς
751 481 844 544 πέντε
872 481 1023 562 χιλιάδας
1044 481 1228 564 ἠρίθμησαν
1245 477 1280 544 τό
1304 503 1356 542 κο·

264 579 338 664 τόν,
362 579 444 662 μήτε
475 577 552 656 τούς
588 581 817 663 πεποιημένους
851 577 1209 664 συγκεφαλαταούμενοι
1238 575 1356 654 τούτας

263 676 345 762 μήτε
366 679 488 764 δηλαδη
511 677 587 758 τούς
607 681 656 746 δπ’
676 677 770 746 οἴκεον
789 679 967 761 πεσόντας,
988 677 1070 744 ἄλλό
1090 677 1210 760 μόνους
1231 681 1358 764 α’ριθμιρ

265 775 436 855 δεδωκότες
456 775 552 856 όσους
575 781 686 857 ου’τοῖς
712 783 862 854 ε’κθέτοσς
881 783 1043 860 κειμένους
1062 775 1151 864 ἥλιος
1170 777 1296 864 ἔφηνεν.

366 881 517 944 Ἐνταῦθα
548 878 639 944 δάκοι
675 873 715 944 ύν
745 881 881 962 καρδίαν
912 877 1028 964 α’νδρός
1047 883 1216 964 φιλοίκτου
1234 881 1288 944 καί
1310 873 1381 942 irre

265 975 338 1054 τούς
359 981 521 1058 κειμένους
538 975 573 1044 ἔν
592 1001 627 1043 τε
646 987 716 1054 ταῖς
737 977 895 1062 α’μφόδοις
914 977 970 1042 κατ’
990 981 1074 1064 ἕκτῇ
1095 973 1268 1058 ἀκροπόλει
1286 975 1360 1040 α’λό-
1434 981 1435 986 ’

264 1099 332 1158 νοις
359 1077 452 1156 ζιόοις
481 1076 706 1160 α’ναμιγνόντες
733 1079 897 1144 κατέκαιον
924 1075 955 1142 oi
975 1080 1108 1162 &lepris
1116 1073 1152 1140 τό
1172 1081 1362 1158 μισόνθριο.

265 1199 347 1258 πον,
374 1176 435 1258 ὀψὲ
469 1179 526 1243 κατ’
556 1182 649 1243 τοῦτο
681 1177 865 1260 δράσαντες.
915 1177 955 1243 τό
975 1179 1087 1261 πρῶτα
1109 1177 1170 1263 γὰρ
1192 1174 1251 1263 ύφ’
1273 1179 1361 1262 ἡμῶν

265 1275 543 1358 παρακαλούμενοι
570 1281 757 1360 καταχῶσαι
772 1275 847 1354 τούς
867 1273 1014 1363 νεκρούς,
1042 1277 1087 1362 μή
1118 1283 1174 1343 κατ’
1201 1281 1265 1342 θέα
1288 1279 1363 1341 δυο-

265 1371 434 1455 πρόσοοπος
462 1373 618 1442 ἔκκεινται
655 1380 712 1442 κατ’
744 1376 912 1464 α’ποφορός
944 1379 981 1442 tt
1011 1375 1145 1461 νοσερὰς
1176 1376 1396 1460 οἶτμίσιοσιηιο

264 1469 380 1549 δθόδες
401 1472 550 1542 τοιούτων
574 1475 676 1542 ἀύτοί
694 1473 821 1562 ἔφασαν
841 1469 943 1564 εἶναι,
969 1475 1026 1541 κατ’
1045 1480 1173 1562 χαίρειν
1196 1479 1364 1550 τοιαύταις

263 1574 357 1648 θέαις
375 1596 409 1639 τε
429 1599 482 1640 και
505 1573 632 1658 όδμαΐς.

351 1667 390 1738 Oi
421 1675 485 1758 μὴν
519 1673 556 1758 δι)
586 1677 696 1740 πολλοὶ
726 1673 816 1761 φόνοι
838 1673 893 1740 κατ’
912 1673 948 1740 αἶ
977 1673 1123 1762 σφοδραὶ
1141 1675 1292 1762 ύρπαγαί
1317 1679 1368 1740 κατ’

262 1769 300 1838 τό
323 1774 421 1838 πλείω
443 1773 524 1838 κακό
543 1777 664 1840 δοκοῖεν
696 1769 734 1839 όν
752 1777 845 1857 λῆξαι
871 1771 952 1856 μετό
978 1779 1181 1862 μεσημβρίαν
1209 1779 1270 1860 τῆς
1293 1774 1367 1858 ἦμέ-

263 1893 324 1956 ρας
346 1873 419 1936 καθ’
441 1867 480 1954 ἢν
500 1871 520 1956 ἡ
542 1867 670 1955 ἅλωσις,
693 1875 727 1952 ἐξ
747 1872 958 1957 ἐπιτάγματος
977 1875 1042 1939 τιόν
1064 1873 1221 1960 κομήτοον.
1267 1869 1313 1960 ἦν
1334 1879 1365 1940 δὲ
1374 1897 1398 1946 15

263 1966 445 2056 σάββατον,
467 1971 506 2036 ού
528 1971 634 2059 φυγὴν
655 1971 747 2058 ἔχον,
769 1971 808 2056 ἢν
828 1972 1037 2057 εδογγελικοὸς
1060 1972 1222 2051 ἀπεύξαιτ’
1244 1968 1292 2040 ὅν
1312 2000 1367 2058 τις,

263 2068 346 2136 ἄλλό
367 2073 557 2157 τηλικαύτης
576 2073 697 2149 πόλεως
717 2064 860 2158 ὄλεθρον.
881 2069 921 2137 τό
944 2074 973 2136 δ’
993 2067 1222 2140 inenarrata
1244 2069 1290 2140 όόν
1312 2081 1368 2158 μέν

262 2191 311 2244 τις
330 2165 456 2257 φρόσαι
491 2169 536 2248 ὥς
557 2175 657 2258 μηδέν
675 2196 706 2238 τι
733 2174 897 2253 δλλεῑψαι·
947 2165 1007 2238 ὅσα
1039 2175 1075 2236 δὲ
1110 2169 1197 2239 ἔστιν
1218 2175 1367 2252 ἐπιλέξα-

263 2273 365 2354 σθαι,
393 2270 587 2356 αδχήοοσμεν
616 2265 657 2336 ύν
684 2275 740 2336 κατ’
765 2271 858 2338 αύτοί
885 2268 990 2337 ἱκανοὶ
1013 2269 1148 2338 ἔσεσθαι
1170 2273 1366 2359 ἀπογράψο.

263 2373 352 2438 σθαι.
394 2371 507 2448 πόντος
541 2367 571 2436 οἱ
594 2369 654 2450 ε”ξοο
676 2369 906 2454 ἱππόται,καί
929 2369 960 2436 οἱ
980 2372 1136 2458 ναύαρχοι
1159 2375 1204 2458 δέ,
1226 2375 1397 2448 α’κολοό-σο

262 2473 331 2544 eur
363 2470 398 2534 «tt
421 2470 477 2535 καί
505 2467 534 2535 οἱ
567 2468 649 2555 ἄμφ’
672 2464 810 2555 αύτούς,
841 2469 1102 2555 οἷνακοθηραντες
1124 2463 1187 2556 ἤδη
1208 2471 1247 2537 τό
1271 2475 1366 2560 σφίσι

264 2568 387 2654 φοβερά
409 2566 465 2634 καί
482 2567 673 2654 μισήσαντες
687 2569 730 2646 εἷς
748 2573 842 2636 πλέον
855 2574 1089 2658 αἰθρισκοιτεϊν,
1104 2568 1247 2657 ἔπλησαν
1262 2575 1366 2652 α’δεοῑς

263 2859 346 2920 pirent
364 2851 393 2916 ii,
413 2853 458 2922 qui
478 2852 572 2906 urbem
591 2853 728 2916 obierunt,
751 2869 832 2924 quam
858 2861 985 2924 poterunt
1005 2854 1213 2923 diligentissime
1232 2857 1363 2909 aestima·

264 2929 337 2984 runt,
354 2937 412 2974 cusu
424 2923 563 2995 peditibus
573 2924 693 2996 Bulgaris
708 2932 736 2976 et
754 2925 866 2990 ceteris,
884 2927 931 2995 qui
947 2925 1112 2988 ceciderunt,
1130 2925 1281 2978 militibus.
1303 2929 1364 2980 bar-

263 2990 322 3044 bssl
340 3002 441 3058 autem,
458 2995 552 3048 inutili
572 3013 663 3068 opera,
683 2993 718 3047 etl
737 2996 859 3080 quinque
885 2997 973 3048 millia
992 2998 1138 3048 oecisorum
1159 3007 1364 3068 computamus,

263 3065 410 3117 numeratis
434 3081 524 3136 neque
553 3067 605 3130 iis,
632 3067 680 3138 qui
700 3071 822 3118 suffocati
840 3075 933 3130 erunt,
953 3084 1004 3119 nee
1022 3069 1069 3136 qui
1087 3067 1116 3118 in
1135 3067 1250 3120 aedibus
1271 3073 1364 3139 perie-

264 3142 332 3198 rant,
351 3134 400 3188 sed
419 3135 453 3188 iis
471 3143 575 3189 tanturn
593 3154 626 3189 εο
643 3154 755 3190 numero
773 3138 983 3208 comprehensis,
1002 3153 1068 3208 quos
1087 3139 1117 3190 ln
1135 3138 1249 3210 publico
1268 3142 1364 3210 proie-

264 3211 321 3258 ctos
340 3206 382 3257 sol
402 3207 587 3260 collustrabat.

333 3275 384 3328 llic
402 3277 527 3330 mordeat
544 3280 662 3332 animum
681 3278 801 3333 hominis
818 3277 1014 3342 misericordis,
1033 3278 1108 3348 quod
1126 3288 1155 3331 et
1174 3279 1202 3330 in
1224 3279 1318 3334 triviis
1339 3289 1363 3332 et

263 3345 292 3397 in
306 3361 365 3398 eree
372 3349 496 3470 proiecte
513 3367 627 3421 cumque
641 3350 728 3402 brutis
746 3349 905 3404 animalibus
919 3351 1002 3401 mista
1012 3349 1140 3401 cadavera
1159 3348 1278 3410 barbari.
1299 3368 1363 3419 gens

264 3416 356 3486 generi
391 3435 488 3472 umano
509 3421 618 3486 infeste,
636 3422 849 3484 combusserunt,
870 3437 928 3472 sero
946 3420 1053 3472 demum
1076 3437 1109 3472 eo
1127 3423 1245 3474 consilio
1264 3423 1363 3474 suncti.

242 3487 337 3556 'prius
358 3491 429 3542 euim
448 3492 578 3544 monitis
608 3494 706 3556 nobis,
724 3500 755 3545 ut
782 3492 931 3561 sepelirent
954 3491 1092 3554 cadavera,
1112 3508 1148 3544 ne
1168 3499 1240 3544 tetro
1261 3493 1363 3562 adspe-

264 3565 308 3610 etu
330 3559 451 3615 iacerent
476 3570 503 3614 et
529 3579 641 3631 vapores
669 3565 765 3615 noxios
797 3563 971 3626 exhalarent,
998 3571 1120 3615 assuetos
1149 3579 1178 3614 se
1196 3563 1280 3616 rebus
1308 3565 1363 3615 illis

263 3645 323 3683 esse
343 3639 371 3683 et
390 3632 439 3684 sali
458 3633 586 3702 adspectu
610 3643 637 3686 et
659 3634 745 3686 halitu
764 3632 893 3686 delectari
915 3633 1121 3701 responderunt.

354 3701 458 3758 Caedes
485 3706 613 3774 frequens
632 3713 660 3757 et
678 3707 770 3774 rapina
790 3704 907 3756 ferocior
926 3712 954 3755 et
971 3705 1080 3756 miseria
1100 3705 1187 3758 maior
1205 3703 1256 3756 sub
1275 3706 1360 3757 meri-

263 3770 336 3824 diem
354 3774 413 3827 eius
438 3775 509 3838 diei,
536 3791 590 3846 quo
609 3785 688 3846 capta
707 3773 771 3828 urbs
798 3782 857 3840 est,
889 3791 923 3826 ex
952 3775 1066 3844 irnperio
1086 3775 1215 3838 comitum
1236 3791 1358 3828 cessasse

264 3842 415 3896 videbatur.
462 3854 522 3898 erat
555 3855 645 3900 autem
671 3846 822 3907 sabbatum,
841 3861 898 3898 non
918 3843 981 3914 suga
999 3846 1115 3914 insigne,
1133 3863 1213 3916 quarn
1231 3849 1296 3916 quis
1316 3863 1358 3898 se-

264 3913 381 3966 cuudum
407 3917 575 3988 evangelium
601 3918 770 3987 depreeatur,
790 3916 839 3968 sed
861 3923 914 3968 tum
933 3916 1048 3968 eximiae
1067 3917 1142 3968 urbis
1164 3917 1249 3968 ruins.
1288 3933 1357 3986 quae

265 3983 364 4037 deinde
378 3998 468 4040 seeuta
487 3997 567 4052 sunt,
586 4006 617 4042 ea
639 4005 716 4040 nemo
730 3990 768 4039 ita
784 3987 963 4056 explicuerit,
981 3995 1011 4039 ut
1023 3986 1094 4039 nihil
1108 3987 1197 4050 ‹lesit3
1219 3985 1266 4039 sed
1286 4003 1357 4057 quse

265 4056 364 4107 narrari
389 4068 521 4126 possunt,
549 4075 579 4111 eu
600 4059 722 4130 quidem,
744 4059 766 4110 si
786 4059 938 4128 quisquam,
958 4074 1008 4110 nos
1026 4058 1107 4110 nobis
1128 4057 1251 4110 videmur
1268 4073 1356 4126 expo-

265 4139 329 4176 nere
347 4141 435 4195 posse.
480 4145 572 4182 omnes
598 4131 697 4200 igitur,
716 4129 764 4200 qui
785 4137 860 4181 extra
888 4129 982 4181 urbem
1000 4137 1085 4191 erent,
1106 4130 1222 4199 equites,
1244 4136 1271 4180 st
1293 4143 1356 4180 reru

265 4195 410 4264 nauarchi,
429 4215 488 4254 cuns
519 4201 573 4254 suis
600 4203 717 4274 quisque
738 4200 883 4264 ministris,
910 4198 1018 4252 liberati
1038 4202 1089 4252 iarn
1111 4199 1192 4252 rebus
1215 4197 1353 4258 euruibus,
