2814 4898
233 358 307 432 ³00
562 367 705 432 motus
730 365 992 440 GRAMMATICI

232 513 338 604 ήμίρῳ
355 517 415 582 τοῦ
435 515 662 600 εδαγγελιομσδ
680 519 734 601 τής
762 513 936 599 δπεραγίας
955 513 1102 581 scorteae
1124 517 1299 602 (πέμπτήδὲ

233 607 288 698 ἦν)
322 608 417 698 ήλθεν
452 609 520 698 tipo
550 619 593 703 κρῖ
612 615 708 706 στόλῳ
737 613 862 694 ἔνοπλος
890 619 924 682 ἐν
944 619 990 706 τῷ
1010 619 1222 682 Βυνκολὲοντι.
1257 619 1302 684 κατ’
1368 675 1369 684 ,

234 713 381 797 παρευδδ
404 717 463 796 μὲν
482 719 645 801 Στέφανος
664 713 835 799 μάγιστρος
856 717 987 799 ἐξῆλθεν
999 717 1054 781 τοῦ
1074 719 1235 801 παλατίου,
1247 721 1300 782 Νι-

234 811 331 896 κήτας
356 816 391 880 δὲ
411 817 573 896 πατρίκιος
596 813 613 880 ὅ
633 813 852 898 συμπενθερδς
876 815 1041 896 Ῥωμανυῦ
1062 813 1204 880 α’νελθάν
1223 821 1253 882 ἐν
1267 818 1302 903 τῷ

234 915 374 999 παλατίῳ
394 913 541 997 ἐξήγαγεν
563 916 684 980 ἐκεῖθεν
710 913 764 980 τὸν
787 911 985 1000 πατριάρχήν
1007 913 1175 985 Νικόλαον.
1216 911 1320 999 ipatus

235 1006 291 1078 οδν
309 1017 538 1094 βεβαιωθίντες
565 1011 595 1078 υἱ
622 1017 681 1079 κοῦ
701 1017 856 1078 παλατιόυ
884 1014 970 1098 παρά
991 1014 1159 1095 Ῥωμανοιῖ
1179 1017 1304 1080 doioru-

235 1119 293 1178 λαν
319 1113 408 1199 αὐτῷ
439 1109 495 1177 εδν
529 1116 634 1193 τίμιον
653 1112 810 1196 σταυρόν,
831 1110 886 1177 καί
914 1111 1135 1198 προσκυνήσας
1156 1105 1248 1177 αὐτὸν
1264 1115 1307 1176 καί
1368 1173 1369 1180 ,

236 1207 318 1300 ὅρκῳ
337 1213 518 1294 βεβαιώσας
546 1211 664 1288 ου’τοδς
684 1212 821 1296 άνήλθεν
850 1219 917 1295 μετ’
938 1207 1045 1278 oderis·
1062 1215 1096 1278 ἐν
1116 1217 1161 1304 τῷ
1179 1209 1305 1300 παλατίῳ

235 1315 291 1376 καί
311 1305 423 1394 ὀλίγων
438 1315 538 1394 τινοῖν,
550 1311 775 1397 προσκυνήσων
787 1311 843 1379 τὸν
857 1315 1001 1395 βασιλέα.
1023 1315 1077 1378 καί
1090 1309 1241 1377 εἰσελθών
1252 1315 1306 1392 μα’

200 1409 337 1476 θαύτοῦ
356 1415 391 1477 ἐν
406 1411 448 1498 τῷ
462 1415 528 1500 ναῷ
547 1413 591 1501 τῷ
605 1414 638 1477 ἐν
652 1414 696 1500 τῷ
708 1411 818 1499 Φάρῳ,
840 1411 895 1478 καί
912 1418 1032 1487 πίστεις
1053 1411 1136 1500 αὐτῷ
1156 1407 1238 1492 dode,
1259 1426 1337 1480 rra-1⁰

237 1510 339 1594 ρευθύ
366 1515 600 1596 προχειρίζεται
628 1513 702 1594 παρ’
721 1511 821 1578 αὐτοῦ
849 1514 1020 1597 μα’γιστρος
1045 1509 1100 1577 καί
1117 1515 1215 1595 μέγας
1237 1506 1306 1574 ἔται·

236 1607 379 1694 ριάρχής.
422 1611 536 1677 αὐτίκα
555 1615 632 1694 γοῦν
651 1612 756 1694 γέγονε
771 1617 847 1678 θεία
861 1615 1001 1687 κέλευσις
1019 1611 1099 1696 πρδς
1110 1614 1236 1676 Λέοντα
1254 1611 1307 1673 τάν

238 1713 355 1774 Φακάν
381 1713 625 1796 παρεγγυωμένη
657 1712 812 1795 μήδαμοῑς
847 1709 956 1776 στάσιν
975 1708 1044 1776 τινά
1066 1713 1221 1794 ἐννοῆσαι,
1239 1698 1307 1772 α’λλά

236 1806 316 1892 πρὸς
342 1811 445 1891 σ’λίγον
474 1815 508 1874 ἐν
534 1814 578 1898 τῷ
597 1812 667 1898 ἰδίῳ
693 1807 767 1898 οἴκῳ
800 1810 1036 1876 ἀναπαύεσθαι.
1090 1807 1238 1884 dundanae
1267 1803 1310 1869 καί

237 1904 408 1990 γράμματα
430 1908 600 1996 ἐκελεύσθη
622 1915 859 1984 Κωνοταντῖνος
881 1907 1162 1993 παρακοιμτάμενος
1193 1905 1339 1992 γράψαι,15

235 2003 273 2070 τά
295 2001 387 2087 ὅμοια
410 2009 498 2097 αὐτῷ
518 2013 781 2092 παραγγέλλοντα,
801 2012 856 2074 καί
874 2012 1129 2094 μηδὲνέναντίον
1149 2004 1310 2090 βουλεύσα-

235 2110 313 2170 σθαι
327 2106 392 2172 αλλ’
404 2109 437 2172 ἐν
449 2103 591 2195 άποταγῇ
604 2103 685 2174 εἶναι
697 2112 752 2174 τοῦ
763 2112 918 2192 βασιλέως
931 2111 1188 2174 Κωνσταντίνου.
1206 2106 1312 2170 α’ναλα-

235 2201 367 2286 βδμενος
390 2211 489 2272 ταῦτα
507 2208 660 2292 Ἀνδρέας
681 2203 883 2292 πριμικήριος
894 2201 951 2274 sod
962 2211 1130 2290 βασιλικοῦ
1144 2211 1311 2290 βεστιαρίοο

172 2353 174 2360 .
238 2301 427 2386 ἀπεκόμισεν
448 2305 533 2392 αάτῷ
557 2311 657 2374 ταῦτα
680 2312 715 2374 ἐν
736 2309 950 2395 Καππαδοκίᾳ
970 2301 1053 2373 δ’ντι·
1095 2309 1151 2372 καί
1171 2299 1312 2382 α’ναδεξά-

146 2411 329 2484 Ρδδδμενος
356 2409 473 2491 τοῦτο,
500 2404 647 2472 desiduis
675 2409 710 2474 ἕν
736 2409 781 2496 τῷ
813 2407 883 2494 ἰδίῳ
913 2406 996 2493 οἴκῳ,
1018 2404 1198 2493 ήσάχαζεν.’
1227 2407 1263 2490 τῇ
1281 2405 1342 2466 tato

238 2504 363 2592 πέμπτῃ
383 2499 537 2587 ἑβδομάδα
565 2511 628 2572 τῶν
650 2503 747 2591 άγίων
768 2509 928 2592 νηστειῶν,
946 2506 1117 2594 Ἀπριλλίῳ
1132 2508 1216 2592 μήνι’,
1237 2501 1311 2568 δίδο·
1392 2515 1393 2520 ’

237 2625 289 2668 ται
306 2603 470 2694 ιάρραβιδν
500 2609 642 2689 γαμικῶν
674 2605 945 2692 συναλλαγμάτων
972 2603 1059 2692 παρά
1082 2605 1310 2672 Κωνοταντίνον
1394 2684 1395 2694 ¹

311 2796 352 2850 λθ.
371 2789 447 2872 δοὺς]
465 2801 514 2852 καλ
533 2795 627 2870 λαβών
647 2799 753 2854 addunt
765 2799 902 2876 cedrenus
917 2807 945 2854 et
962 2801 1117 2867 Anonymus

239 2950 341 3021 quippe
360 2951 442 3002 animi
461 2953 624 3006 anxietatem
642 2957 764 3027 venerat)
791 2954 1009 3007 annunciationis
1028 2952 1210 3004 sanctissimae
1226 2948 1311 3018 deipa-
1395 2955 1396 3016 j

240 3037 284 3072 rao
302 3021 355 3083 die,
373 3021 550 3076 hebdomadis
567 3043 646 3095 porro
664 3027 775 3096 quintus
794 3034 861 3088 erat,
879 3041 933 3076 uns
946 3043 1005 3076 cum
1021 3025 1103 3075 classe
1125 3023 1204 3074 armis
1221 3021 1311 3072 instru-
1395 3073 1396 3082 ρ

238 3098 296 3146 ctus
315 3091 349 3142 ad
370 3093 559 3146 Bncoieontem
582 3097 697 3165 appulit.
717 3105 744 3149 et
762 3097 904 3149 confestim
925 3096 1077 3165 Stephanus
1095 3093 1221 3162 magister
1238 3109 1252 3143 s
1268 3105 1311 3159 pu·

237 3162 306 3214 latio
327 3179 446 3231 egressus
464 3173 514 3216 est.
551 3168 660 3219 Nicetes
678 3177 768 3219 autem
788 3170 925 3236 patricius,
946 3167 1058 3218 itomani
1071 3164 1252 3227 consocer,.in
1269 3176 1312 3230 pa·

238 3234 333 3284 latium
352 3235 487 3304 proiectus
506 3238 646 3290 Nicolaum
664 3237 841 3312 putriupcham
866 3237 930 3290 inde
949 3237 1056 3289 deiecit.
1094 3238 1242 3286 aulicorum
1260 3229 1312 3281 ani-

240 3306 290 3356 mis
311 3306 422 3358 Romani
451 3307 624 3362 iureiurando
642 3309 762 3372 firmatis,
781 3317 810 3360 st
835 3309 987 3362 venerando
1007 3325 1084 3360 cruce
1103 3307 1136 3358 ad
1156 3323 1217 3356 eum
1235 3305 1314 3362 missa,

239 3371 298 3444 ipse
316 3393 374 3428 eam
401 3376 531 3444 adorans,
550 3388 577 3431 st
594 3380 754 3449 interposito
774 3388 955 3442 sacramento,
972 3379 1069 3432 mentis
1087 3380 1254 3448 propositum
1271 3371 1315 3422 ob-

238 3447 340 3508 velans,
360 3465 419 3500 cum
440 3449 538 3502 eisdem
557 3451 704 3522 paucisque
723 3452 778 3502 suis
792 3451 946 3519 imperatori
961 3450 1135 3501 reverentiam
1154 3447 1315 3512 exhibiturus

237 3516 269 3570 in
278 3518 407 3587 palatium
424 3521 588 3584 conscendit,
608 3530 636 3574 ct
653 3539 713 3572 eum
727 3538 759 3572 eo
777 3521 906 3589 templum
923 3520 997 3591 quod
1011 3523 1039 3572 in
1051 3519 1150 3571 Phorco
1168 3526 1209 3569 est
1226 3517 1316 3582 ingres·

240 3604 295 3650 sus,
314 3587 376 3640 data
388 3591 538 3643 securitatis
550 3591 613 3654 fide,
625 3594 751 3660 magister
761 3598 789 3643 et
799 3609 910 3660 magnus
920 3589 1104 3643 hetaeriarcha
1118 3590 1153 3641 ab
1166 3590 1318 3658 imperatore

242 3659 383 3712 confestim
396 3670 507 3713 crentur.
529 3663 679 3732 eodemque
698 3671 833 3714 momento
852 3679 953 3714 sucrum
983 3660 1136 3713 mandatum
1158 3660 1192 3710 ad
1212 3661 1316 3710 Leonem

242 3729 355 3782 Phocam
379 3733 503 3794 missum,
530 3750 584 3802 qno
604 3735 698 3786 relicto
730 3731 872 3785 seditionis
900 3732 1108 3785 commonendae
1135 3729 1271 3800 proposito
1287 3721 1316 3773 ad

242 3800 376 3854 modicum
403 3811 508 3871 tempus
532 3804 604 3856 dorni
627 3821 655 3856 se
681 3805 831 3856 contineret
856 3803 1055 3873 iniungebantur.
1094 3819 1157 3854 eum
1174 3803 1202 3851 in
1221 3811 1316 3851 sensum

243 3872 314 3922 aiine
333 3873 437 3924 litterae
464 3874 499 3924 ad
524 3875 729 3928 Constantinum
755 3875 934 3926 accubitor-em
961 3874 1040 3926 scribi
1067 3875 1154 3924 iussae
1173 3879 1253 3932 sunt,
1269 3881 1317 3948 rep!

244 3940 365 4004 eandem,
387 3951 415 3994 et
430 3961 465 3996 ue
485 3946 551 4014 quid
567 3947 595 3998 in
616 3945 755 3998 adversum
774 3947 910 4008 moliatur,
931 3945 978 3996 sed
999 3945 1154 4014 imperatori
1172 3943 1317 3994 Consonu-

243 4030 279 4064 no
298 4013 448 4082 obsequens
464 4025 625 4084 perseveret,
643 4016 870 4068 commendantes.
907 4033 993 4068 sacras
1011 4013 1260 4084 acceptasdndrsss
1275 4009 1317 4059 in-

243 4086 374 4153 peratoris
400 4086 517 4136 vestiarii
542 4089 706 4153 primicerius
732 4088 767 4137 od
788 4104 848 4138 euin
874 4088 903 4138 in
923 4086 1093 4156 Cappadocia
1111 4094 1176 4136 tuuc
1193 4085 1261 4135 sorte
1280 4093 1318 4128 rt-

245 4162 349 4224 pertum
367 4155 480 4218 detulit,
499 4158 596 4228 quibus
617 4158 695 4211 lectis
720 4157 827 4210 domum
848 4157 984 4227 proprium
1008 4174 1036 4209 aa
1055 4157 1188 4226 recipiens
1209 4152 1318 4224 quietem

245 4226 322 4304 uestit·¹
345 4239 487 4288 ‚sacrorum
513 4237 605 4284 autem
623 4230 785 4286 ieiuniorum
801 4229 896 4301 quinta
918 4227 1098 4293 hebdomade,
1127 4241 1218 4280 manas
1232 4218 1318 4294 Aprili,
