2814 4898
422 263 793 336 cunouocaaaurtt.
888 365 890 372 ,
1071 256 1144 332 279
1204 217 1208 226 ’

70 421 177 491 τοῦτον,
194 415 465 500 άποπεμψαμένσυ
493 420 616 504 ίποίησε
637 420 792 500 Σαμυνάς
811 417 915 501 μήνας
936 415 1091 502 τέσσαρας
1111 420 1145 483 έν

70 522 107 610 τιή
130 516 200 607 οίκρι
225 521 280 584 τοῦ
300 514 433 603 Βάρδα,
460 514 695 598 άαεσυνάψισεν
727 519 763 582 δέ
793 519 828 583 έν
855 517 895 601 σή
916 517 1189 604 αέτοκρατορίηθΐι

70 622 121 685 τοῦ
145 621 308 701 βασιλέως.
356 618 459 704 ἐφάνη
495 621 532 682 δέ
565 618 635 683 τότε
664 616 719 682 καί
753 614 929 700 άκομήτης
960 615 1063 701 άσιήρ
1091 613 1148 691 τάς

71 721 188 793 α’κεῖνας
206 719 261 781 έπί
281 715 435 802 άναεσλήν
456 719 586 798 πέμπων
607 719 663 781 καί
682 715 871 803 φαινόμενος
886 722 920 780 έν
940 715 1074 802 ἡμέραις
1094 717 1150 779 καί

53 821 132 898 tecti
145 805 389 902 aeooapa'ecutoJ

139 917 317 999 Ἐμέννησεν
341 917 437 981 Λέων
464 913 535 982 vide
559 917 801 980 licencentiam
820 913 883 979 άπὸ
906 916 999 999 Ζωής
1020 917 1076 999 τῆς
1095 937 1149 980 κε-

72 1017 172 1102 τάρεης
207 1011 314 1082 αάτσῦΙ
339 1017 492 1100 γαμετῆς.
542 1016 721 1100 ἐβαπτίσθη
748 1017 784 1080 δὲ
811 1013 852 1080 τά
877 1011 952 1098 ἅμα
973 1016 1063 1100 φάεα
1084 1013 1146 1078 aiud

72 1113 219 1182 Νικολάου
242 1116 445 1198 πατριάρχου
467 1117 502 1180 έν
520 1119 561 1202 τῇ
580 1115 700 1202 μεγάλη
726 1118 871 1204 έκκλησίρι
891 1117 1067 1194 δεξαμένων
1089 1117 1182 1178 uri-D

71 1214 118 1281 ιδι
133 1211 340 1300 Ἀλεξάνδρου
364 1217 519 1298 βασιλέως
543 1218 599 1280 καί
604 1219 759 1297 Σαμωνάς
778 1219 939 1302 ματρίκιος
959 1213 1013 1278 καί
1032 1215 1097 1279 τάν
1115 1215 1149 1278 έν

43 1319 143 1383 λθείλει
164 1313 300 1384 πάντων.
317 1317 424 1399 γέγονε
448 1318 483 1381 δὲ
504 1313 558 1380 τάν
575 1318 710 1397 βασιλέα
731 1308 944 1400 εὖλσγηθήναι
963 1313 1042 1396 μετά
1055 1317 1151 1399 Ζοιής

73 1413 138 1496 μετά
168 1412 224 1498 τήν
251 1410 364 1500 ἑορτήν
393 1412 479 1500 παρά
516 1417 618 1498 Θαμά
649 1417 881 1500 πρεσβυτέρου,
914 1412 949 1490 ὃς
972 1419 1148 1502 καθῃρέθη.

73 1512 251 1600 άνηγόρευσε
284 1516 320 1580 δέ
346 1513 403 1598 τήν
435 1514 534 1602 αιίτήν
563 1512 658 1601 Ζωήν
687 1518 734 1590 είς
761 1512 961 1598 Αάμοάσταν.
1010 1513 1065 1578 καί
1094 1512 1149 1578 διά

74 1614 154 1679 τοῦτο
171 1613 225 1682 τόν
243 1617 378 1696 βασιλέα
402 1614 419 1681 c‘
441 1613 639 1702 ιιὰιριάρχης
668 1615 712 1690 είς
733 1613 788 1698 τήν
809 1615 973 1700 ἐκκλησίαν
995 1611 1149 1678 ἐκώλυσεν

75 1714 280 1799 εἶσέρχεσθαι·
328 1707 404 1779 ὅθεν
435 1714 581 1812 διήρηετο
611 1711 749 1780 άπὸ·ιοῦ
774 1717 880 1792 δεξιοῦ
907 1717 1024 1796 μέρους
1052 1717 1150 1797 μέχρι

47 1815 120 1886 ιῡισιῖ
139 1817 365 1901 μιεατορικίου,
383 1817 461 1899 μηδ’
474 1811 554 1890 ὅλως
574 1817 619 1891 εἰς
639 1812 674 1879 κά
690 1812 769 1878 κατά
792 1815 964 1898 συνήθειαν
985 1811 1150 1898 διερχόμε.

75 1935 126 1988 νος.
165 1911 346 1998 προεβλήθη
376 1916 411 1979 δέ
442 1915 597 1995 Σαμανάς
629 1920 910 1996 παρακοιμιάμενος
937 1915 989 1980 διά
1015 1911 1051 1978 τὸ
1069 1909 1152 1980 εἶναι

75 2014 109 2099 τιή
123 2016 249 2094 βασιλεῖ
266 2014 416 2098 συνεργὸς
436 2013 516 2098 πρὸς
536 2015 642 2078 πάσαν
663 2017 864 2097 παρανομίαν
882 2019 938 2079 καί
955 2005 1084 2097 narica,
1097 2011 1154 2076 καί

77 2111 145 2176 κατά
163 2115 218 2196 τῆς
237 2114 403 2197 ἐκκλησίας
431 2107 545 2198 ήρξαιο
576 2115 720 2196 μελετᾶν.
775 2115 1066 2197 προσκαλεσάμενοι
1087 2109 1150 2198 γάρ

78 2212 221 2278 Νικόλαον
241 2212 442 2298 πατριάρχηυ
462 2215 687 2298 Φεβρουαρίου
711 2212 839 2300 προίεη,
861 2217 917 2278 καί
934 2210 1033 2277 πολλά
1054 2209 1272 2280 λιπα-Ρ.4θλ’

48 2309 212 2394 νῡρήσαντες
239 2314 410 2397 δεχθῆναι,
441 2316 511 2377 ἐπεί
535 2320 644 2378 πεῖσαι
671 2313 728 2376 οάκ
761 2315 989 2398 ἠδυνήθησαν,
1011 2310 1074 2376 άπὸ
1094 2315 1151 2376 τοῦ

79 2415 227 2496 κληισρίου
245 2409 299 2476 διά
321 2415 378 2476 τοῦ
399 2415 628 2488 Βουκολέονεος
654 2415 687 2478 έν
710 2416 808 2500 πλοίῳ
829 2417 932 2501 μικρῷ
955 2412 1150 2496 ἐμβιβάσαν-

79 2531 119 2587 τες
137 2512 324 2598 διεπέρασαν
343 2512 377 2578 έν
397 2515 436 2600 τῇ
452 2507 574 2602 Ἱερείη,
596 2513 653 2600 ἀφ’
674 2503 712 2598 ἧς
732 2513 812 2602 πεζῇ
830 2507 1150 2599 μέχριΓαλακρήναν

84 2801 155 2856 eoque
179 2795 242 2840 tunc
261 2803 321 2838 cnm
351 2788 442 2841 furore
466 2789 500 2841 ab
521 2790 683 2860 imperatore
710 2796 781 2843 retro
800 2787 954 2853 amandato,
973 2788 1101 2840 Samonas
1119 2787 1149 2839 iu
1182 2787 1206 2836 ,’

83 2857 166 2910 Bardae
184 2859 264 2910 domo
285 2875 389 2910 menses
434 2869 542 2912 uattuor
574 2862 686 2932 peregit,
710 2869 846 2913 etanuuo
867 2861 984 2930 dieque
1004 2860 1150 2928 imperator

84 2936 227 2995 potestatem
257 2931 360 2998 accepit
386 2879 516 2984 redeunte
535 2923 724 2984 ieconciliatus
743 2938 792 2983 est.
829 2941 893 2988 tunc
916 2925 1042 3000 apparuit
1059 2947 1149 2982 come·

84 3005 115 3049 tes
131 3000 213 3052 radios
232 3017 323 3052 versus
344 3001 482 3054 Orientem
508 3004 657 3068 eiaculans,
681 3012 709 3056 et
727 3003 785 3054 dies
804 3012 951 3074 noctesque
972 3001 1150 3073 quadraginta

84 3071 223 3138 conspicuus
241 3073 395 3140 permansit.
909 3121 915 3134 ,
1137 3124 1142 3131 ,

137 3141 232 3194 EZoe‘
250 3158 314 3194 vero
335 3151 430 3214 quarta
455 3144 570 3212 coniuge
600 3143 806 3196 Constantinum
836 3143 923 3194 filium
949 3142 1003 3192 Leo
1021 3142 1149 3209 suscepit,

85 3210 122 3277 qui
137 3211 264 3264 luminum
284 3215 352 3264 festo
372 3215 511 3266 aNicolao
529 3213 680 3284 patriarcha
699 3217 728 3267 in
745 3231 840 3282 magua
860 3214 981 3275 ecelesia,
999 3214 1150 3282 suscipien-

85 3281 142 3333 tibus
156 3300 266 3352 puerum
286 3301 301 3335 e
321 3285 397 3337 fonte
417 3285 566 3338 Alexandro
584 3288 756 3354 imperatore,
776 3287 890 3337 Samona
911 3284 1024 3354 patricio
1040 3292 1070 3334 et
1086 3299 1150 3352 pre-

85 3353 171 3405 ceribus
188 3356 291 3408 cunctis
311 3355 463 3424 baptizatus
485 3365 535 3407 est.
572 3358 686 3425 contigit
705 3365 795 3408 autem
812 3358 999 3423 imperatorem
1018 3357 1151 3416 eumZoet

86 3421 141 3474 iesto
160 3427 309 3478 istiusmodi
333 3426 485 3491 celebrato,
504 3427 720 3479 benedictionem
751 3425 1151 3495 nuptialemaid'homapres-
1257 3481 1262 3496 x

86 3490 163 3558 bytero
180 3499 324 3566 suscipere,
346 3499 393 3566 qui
413 3515 470 3549 earu
489 3498 525 3550 ob
544 3517 598 3550 rem
617 3499 702 3550 otiicio
722 3496 861 3567 depositus
883 3506 933 3548 est.
954 3495 1067 3551 eandem
1085 3495 1150 3547 vero

86 3563 149 3616 Zoem
164 3569 310 3635 Augustam
325 3566 473 3620 declaravit
491 3569 644 3638 imperator,
669 3586 747 3638 quem
766 3577 910 3637 eapropter
928 3567 1057 3618 ecclesiae
1078 3566 1151 3618 iimi-

86 3633 151 3688 uibus
167 3637 316 3707 patriarcha
335 3637 483 3706 prohibuit,
503 3650 532 3692 ut
550 3640 647 3692 exinde
669 3639 769 3709 pariter
787 3639 896 3690 dextere
915 3637 1044 3690 ecciesiae
1064 3645 1150 3705 parte,

88 3705 121 3755 via
136 3719 259 3760 consueta
277 3711 385 3780 penitus
408 3711 509 3773 relicta,
528 3711 562 3761 ad
582 3711 772 3763 Mitatoricium
794 3727 877 3780 usque
896 3709 1080 3778 pertransiret.
1100 3707 1150 3760 Ser·

87 3789 164 3829 monas
181 3779 278 3833 deiude
297 3780 436 3832 accubitor
453 3791 591 3850 provectus
609 3791 656 3846 eat,
677 3781 752 3851 quod
772 3781 806 3832 ad
825 3798 904 3832 omno
922 3781 1025 3831 facinus
1044 3787 1072 3829 et
1088 3795 1151 3847 pra-

88 3847 180 3900 vitatem
198 3851 353 3920 imperatori
371 3869 480 3903 manum
507 3853 650 3921 praeberet
675 3853 847 3916 auxiliarem,
879 3859 906 3902 et
925 3850 1050 3902 adversus
1065 3849 1153 3900 eccle-

90 3916 142 3968 siam
159 3931 302 3990 coeperunt
325 3923 457 3974 meditari.
503 3933 626 3974 vocatum
646 3925 747 3994 quippe
766 3921 801 3973 ad
820 3939 848 3974 se
868 3922 1009 3974 Nicolaum
1037 3919 1154 3992 patriar-

91 3985 152 4038 cham
173 3992 309 4044 Februarii
327 3994 370 4045 die
391 3996 476 4062 primo
497 3994 619 4062 precibus
638 3993 776 4046 instabant
794 4002 824 4045 ut
844 3996 872 4044 in
891 3993 1031 4043 ecclesiane
1050 3994 1154 4060 recipe-

93 4066 181 4112 rentura
204 4072 234 4115 ut
252 4081 316 4116 vero
333 4063 441 4116 flectere
463 4083 518 4116 non
537 4073 697 4136 potuerunt,
716 4081 731 4114 u
749 4065 871 4116 convivio
890 4065 1009 4132 publico,
1027 4062 1061 4114 ad
1079 4061 1155 4132 quod

94 4137 183 4185 iocatus
202 4133 297 4200 iuerat,
315 4135 430 4190 eiectum
448 4145 476 4190 et
488 4154 537 4209 per
554 4137 746 4190 bucoleontem
766 4133 875 4190 ductaun
892 4135 1022 4208 lintrique
1040 4133 1156 4206 imposi-
