2838 4902
107 393 110 400 Ι
206 322 261 386 DE
277 312 584 382 Tuussttouscl
604 311 631 377 d
651 312 809 374 LATINIS
829 308 973 374 capul.
1061 294 1133 372 379

59 471 126 556 πρὸς
153 467 307 533 ποικιλίαν
330 461 426 548 diois.
470 465 501 528 εδ
520 467 555 529 δὲ
577 463 632 531 καί
658 465 693 527 ἐν
717 461 805 547 αύτῷ
826 458 885 522 δύο
906 457 1023 532 πίθους
1040 451 1138 520 dosci-

60 597 103 636 ναι
120 594 162 644 τις
181 569 281 654 φαίη,
311 564 365 631 adv
385 569 444 646 μὲν
464 565 596 645 α’γαθῶν
617 560 737 646 πλήρη,
767 561 871 622 κακῶν
893 559 927 620 δὲ
947 553 1001 621 τὸν
1022 553 1137 639 ἕτερον,

58 663 96 734 ὧν
122 663 292 752 α’ρυύμενος
320 664 374 728 καί
401 662 620 746 καταμιγνύων
650 664 762 734 ἐκεῖνος
794 660 956 740 ε’πεμέτρει
987 663 1054 728 τοῖς
1085 653 1138 718 ὑπ’

59 741 160 847 attila,
180 765 219 832 τοὶ
251 770 350 831 πλείω
385 767 421 830 dd
438 787 474 846 γε
495 760 594 844 μόνον
627 763 683 826 τού
702 759 766 824 raia
787 759 900 840 κακῶν,
921 753 1075 832 αι’νίξαιτο
1098 748 1139 818 ἂν

40 869 310 950 ὁπρασφιιέσταια·
346 859 395 948 ,ἦν
414 865 474 946 γύιρ
510 865 685 944 σύμμικτος
707 856 859 942 καὶπρὸς
879 849 1018 940 οἶκριφνὴ
1040 849 1140 938 χάριν

58 967 108 1028 ούιι
125 955 266 1044 deputor,
288 965 362 1030 ούδὲ
381 963 446 1046 μὴν
467 954 631 1044 εύιιροιτος.

128 1063 212 1128 Ἀλλ’
233 1058 316 1128 οὕτω
336 1064 395 1143 μὲν
407 1064 505 1126 ταῦτα
520 1056 781 1145 repraesumere,
801 1052 943 1138 καιρίως,
964 1048 1064 1139 οἶμαι,
1084 1057 1140 1119 καὶ

57 1165 122 1226 eddi
141 1162 223 1226 πύνν
242 1186 273 1226 τι
297 1159 484 1242 δμεθύδως·
536 1160 596 1241 ἐγώ
619 1161 656 1223 δὲ
677 1157 784 1240 βραχύ
809 1183 842 1241 τι
864 1147 970 1235 δνειμι
989 1151 1066 1238 πρὸς
1085 1151 1141 1217 τὸν

59 1256 89 1343 ἦν
106 1262 161 1340 μὲν
180 1256 233 1325 δ’τε
269 1257 303 1342 (δ
321 1257 464 1346 μακρὰν)
497 1258 580 1334 τινός
617 1256 726 1344 φιλιάς
745 1257 861 1339 dauid,
893 1258 949 1318 νύν
972 1255 1007 1318 δὲ
1027 1255 1141 1332 μίσους

28 1373 51 1423 10
60 1362 245 1441 παγκοσμίοιι
267 1353 366 1436 ἄξιον.
408 1358 489 1441 ταχύ
511 1361 570 1438 μὲν
583 1355 743 1438 ἔστρεψας
764 1358 859 1434 νῶτα,
882 1347 908 1416 ού
928 1351 1138 1437 γενναιότατε,

59 1458 190 1542 φεύγειν·
233 1461 355 1522 θᾶττον
377 1462 412 1524 δὲ
433 1459 647 1538 ἀντιμέτωπος
669 1456 726 1518 ούκ
745 1457 790 1529 εἷς
804 1451 1050 1538 ἀντιπαράταξιν
1072 1453 1140 1515 a’ll'

59 1561 96 1630 εἰς
117 1555 274 1623 δούλωσιν
304 1555 460 1642 ἔδραμες,
483 1559 528 1634 εἰς
546 1560 693 1620 τοσοῦτον
713 1559 752 1640 τῇ
773 1555 859 1641 φυγῇ
880 1555 1073 1636 προσμείνας
1094 1552 1142 1627 εἰς

58 1649 122 1720 ὅσον
142 1650 300 1740 ἄνανδρον
325 1657 382 1742 τὴν
403 1655 547 1742 στροφήν
567 1657 809 1740 ἐπιδείξασθαι,
829 1656 882 1718 ἵνα
900 1653 1000 1736 μηδὲν
1019 1675 1051 1714 τι
1071 1673 1141 1734 γεν-

58 1752 211 1840 ναιδτητος
232 1753 318 1838 ἴχνος
347 1760 381 1822 ἐν
412 1758 464 1821 σοι’
483 1752 674 1844 εὑρίσκηται,
696 1751 768 1838 μήτ’
789 1756 824 1818 ἐν
848 1755 887 1840 τῇ
908 1757 1084 1838 πολιορκίᾳ,
1104 1745 1144 1833 ἣν

30 1859 106 1921 licui
132 1853 308 1938 εὐχόμενός
340 1878 401 1920 που
437 1848 525 1938 ἦσθα
556 1855 881 1943 σσγκεφαλαιωθῆναι
904 1857 1025 1936 τάχιον,
1046 1853 1089 1928 dg
1111 1852 1145 1914 ἐν

58 1962 113 2028 τοῖς
147 1956 261 2040 ἐφεξῆς
291 1953 573 2040 ύποκρουσόμεθα,
604 1955 684 2036 μήτε
707 1949 785 2034 μετὰ
815 1950 873 2035 τήν
903 1947 1041 2031 ἅλωσιν,
1069 1943 1146 2038 ἕνῇ

59 2053 175 2132 ἐψεύσω
199 2052 256 2118 καὶ
274 2053 332 2118 τὸν
353 2052 582 2138 ἀνδριζόμενον
603 2055 660 2116 καί
680 2051 737 2116 τόν
758 2051 928 2136 φεύγοντα,
950 2044 997 2126 οἷς
1015 2051 1146 2138 φεύγειν

59 2156 178 2230 τραπείς
206 2153 402 2229 ε’πιδὲδωκιις
432 2152 566 2219 σεαυτὸν
599 2160 665 2227 τοῖς
691 2155 773 2236 μηδὲ
804 2149 984 2216 διώκουσιν.
1036 2152 1147 2227 αύτοΐς

59 2249 110 2334 γὰρ
132 2245 214 2318 ἄλλα
244 2256 278 2318 ἐν
301 2257 398 2339 φρεσὶ
416 2256 592 2337 μεμέλρτο,
625 2250 663 2318 rei
695 2249 757 2336 πρὸ
787 2249 880 2333 ἔργον
913 2250 968 2314 καί
987 2244 1146 2334 οἷναγιιαῖοι

29 2354 161 2434 turpior·
215 2358 275 2418 σού
297 2355 332 2419 δὲ
363 2355 422 2416 ούκ
443 2347 501 2436 ἄν,
523 2347 633 2434 οἶμαι,
657 2354 732 2416 ον’δὲ
760 2354 886 2435 μνήμην
908 2349 1020 2434 ἔσχον,
1051 2351 1082 2414 εἰ
1100 2349 1144 2434 μή

60 2449 243 2535 ἐνεφάνισας
267 2452 413 2518 σεαυτόν.
455 2451 561 2517 οἴδασι
584 2451 645 2536 γὰρ
665 2451 693 2516 oi
715 2449 849 2534 εύγενῶς
872 2453 1013 2534 α’νδρεῖοι
1032 2454 1146 2529 ἐξαθε..

61 2550 150 2628 ρι’ζαν
181 2550 240 2616 τόν
260 2549 304 2636 με)
333 2555 475 2616 τοιοῦτον
498 2551 693 2635 στρατηγόν,
716 2550 821 2614 ὁποῖον
844 2548 882 2633 δὴ
905 2575 975 2616 τινα
992 2552 1147 2634 κατέγνων

61 2652 108 2712 κατ’
126 2652 163 2714 σὲ
185 2645 235 2724 οἷς
257 2655 394 2738 sciverit
417 2655 475 2738 σῆς
494 2651 679 2736 α’βελτηριάς
700 2649 898 2734 πεπείραντο.

62 2843 184 2901 quaeest
215 2837 245 2887 in
262 2843 368 2889 vetusta
387 2836 490 2903 fabula,
509 2837 648 2905 originem,
674 2838 722 2888 aed
741 2845 851 2907 propter
868 2855 971 2888 morum
990 2837 1147 2888 volubilita-

61 2912 118 2956 tem.
155 2915 205 2960 aut
234 2907 335 2977 siquis
355 2907 409 2960 duo
436 2911 464 2959 in
485 2925 517 2960 eo
536 2909 620 2960 fuisse
638 2907 712 2959 dolia
736 2909 815 2969 dicat,
836 2909 950 2960 alterum
968 2908 1058 2973 bouis,
1076 2909 1147 2960 alte-

62 2992 112 3026 rum
128 2980 207 3030 malis
230 2977 367 3044 refertum,
385 2978 458 3030 unde
477 2979 602 3031 hauriens
624 2988 653 3031 et
666 2981 839 3031 commiscens
860 2981 1011 3048 porrexerit
1029 2979 1148 3030 bomini.

60 3044 103 3096 bus
123 3049 176 3100 sibi
199 3041 339 3112 subiectis,
357 3049 435 3120 plura
453 3059 541 3103 tamen
553 3050 632 3114 mala,
651 3068 731 3121 quarn
751 3051 831 3113 bona,
853 3053 992 3120 aptissime
1010 3051 1147 3118 significa-

61 3120 123 3169 verit
141 3127 268 3170 naturam
298 3122 365 3173 eius.
413 3129 471 3174 erat
501 3122 572 3172 euim
592 3122 710 3185 mixtus,
729 3131 757 3174 et
778 3122 879 3192 probae
898 3122 986 3174 laudis
1006 3137 1058 3174 uec
1076 3119 1149 3173 nihil

63 3183 181 3253 babebat,
199 3208 253 3242 nec
272 3207 336 3244 vero
355 3192 471 3244 multum
492 3192 619 3244 babebat.

123 3261 178 3312 Sed
198 3261 334 3315 sufficiant
352 3261 429 3327 baec,
448 3279 516 3334 quae
534 3264 573 3315 ita
591 3263 811 3332 interposuimus,
832 3270 995 3331 opportune,
1012 3254 1150 3333 crpdo,'et
1213 3291 1222 3308 s

62 3329 163 3383 minime
182 3333 290 3402 inepte.
324 3333 406 3386 redeo
426 3334 625 3404 aliquantisper
645 3334 679 3384 ad
703 3334 779 3384 illum
800 3335 865 3384 olim
883 3333 1003 3384 amicitia
1022 3331 1150 3401 quddam,

62 3398 103 3450 sed
128 3419 203 3455 nunc
233 3403 298 3455 odio
323 3406 458 3458 communi
487 3407 607 3458 omnium
626 3404 736 3472 dignum
763 3403 859 3455 David.
900 3403 1025 3456 celeriter
1044 3411 1151 3481 tergum

63 3471 178 3536 vertisti,
199 3473 366 3540 bellissime,
394 3484 425 3528 ut
442 3477 561 3545 fugeres;
584 3476 699 3528 celerius
727 3473 836 3526 adversa
861 3475 951 3526 fronte
968 3489 1024 3524 non
1045 3474 1081 3526 ad
1097 3493 1151 3546 pu-

64 3555 143 3606 gnam,
162 3543 215 3597 sed
233 3545 268 3596 ad
286 3547 423 3598 servitium
441 3548 587 3610 festinasti,
604 3549 633 3600 iu
652 3548 714 3614 fuga
727 3553 854 3608 moratus,
874 3553 1004 3616 quantum
1024 3547 1088 3598 satis
1106 3563 1151 3598 es-

63 3619 99 3662 set
114 3613 149 3666 ad
169 3617 364 3668 declarandam
384 3618 581 3686 turpitudinem
601 3626 685 3680 tuam,
704 3635 758 3687 quo
777 3617 883 3668 nullum
900 3617 930 3666 in
948 3623 977 3667 te
996 3624 1152 3671 cerneretur

64 3682 161 3762 sirtutis
181 3688 347 3756 vestigium,
365 3705 417 3740 nec
436 3690 464 3739 in
480 3689 639 3751 obsidione,
658 3705 739 3759 quam
767 3686 904 3758 quondam
922 3689 976 3739 cito
997 3687 1152 3740 confectum

64 3754 94 3802 rrl
113 3756 280 3822 mutaveras,
303 3759 530 3830 quemadmodum
548 3777 611 3810 mox
631 3760 813 3821 ostendemus,
830 3776 881 3810 nec
901 3766 964 3828 post
982 3765 1087 3827 captam
1106 3775 1151 3810 ur-

63 3819 134 3890 bem,
155 3847 243 3898 quum
270 3830 395 3883 fefellisti
415 3831 498 3882 fortes
517 3831 691 3900 ignavosque,
710 3831 757 3899 qui
778 3831 807 3881 in
824 3829 913 3896 fugam
934 3845 1077 3880 conversus
1093 3835 1152 3880 ter-

64 3909 118 3959 gum
137 3897 220 3951 dares
240 3918 276 3954 ne
295 3901 521 3972 persequentibus
544 3901 665 3972 quidem.
702 3902 801 3952 etenim
825 3902 878 3951 alia
895 3900 950 3950 illis
974 3898 1048 3951 cordi
1067 3907 1152 3964 erant,
1196 3920 1204 3950 .-

64 3980 127 4032 quae
146 3977 258 4040 tempus
288 3981 316 4026 et
341 3974 487 4025 necessitas
507 3973 679 4043 postulabat,
710 3973 751 4024 tui
772 3980 861 4023 autem
881 3988 916 4023 ne
935 3969 1069 4022 recordati
1088 3972 1152 4041 qui·

64 4035 118 4089 dem
139 4041 274 4104 luissent,
294 4044 345 4095 uisi
375 4045 405 4095 in
426 4053 598 4114 conspectum
618 4061 710 4096 eorum
729 4045 856 4096 venisses.
892 4049 994 4093 norunt
1012 4043 1084 4094 enim
1104 4057 1153 4112 ge-

64 4112 146 4188 perosi
173 4114 226 4164 viri
242 4115 325 4166 talem
344 4124 516 4166 contemnere
534 4113 648 4177 ducem,
669 4115 777 4186 qualem
795 4121 824 4166 te
844 4111 908 4168 esse
921 4119 1103 4184 cognoverant
1119 4129 1152 4167 ex

62 4193 102 4244 us,
120 4199 192 4254 quae
214 4202 230 4236 a
247 4187 373 4258 nequitia
390 4194 438 4240 tao
455 4189 560 4257 experti
578 4193 664 4240 erant.
