2892 4904
267 263 343 340 464
685 275 940 340 nusaamws

268 423 324 491 τόν
345 419 602 508 δρχιεπότκοιιον,
624 424 753 508 α’ληδεδς
775 425 810 489 δέ
830 423 882 490 ivo
903 425 1057 510 δευτέρων
1079 426 1234 510 χειρόνων
1253 451 1356 512 πειρο-

271 521 416 605 σοόμεδα.
456 522 563 608 βραχδ
594 521 655 606 γόρ
680 527 779 588 ἐκεῖσε
808 521 841 588 τί
880 521 996 605 γόνατα
1026 522 1211 606 κάμψαντες
1242 527 1276 593 ἐν
1302 553 1356 594 τινι

269 621 489 709 ρακροκαλόβη
520 624 576 686 καί
601 624 697 706 ΙξηροόΙ
730 615 831 706 όρτοσ
856 620 1076 701 όποδακόνιες,
1096 626 1151 689 ἵνα
1171 620 1289 702 όδατσς
1307 630 1356 708 ἐμ-

270 721 419 803 πιοόμεθα
454 714 508 806 (ἦν
525 724 585 804 γὰρ
616 719 636 802 ἡ
668 723 782 805 καρδία
803 721 895 804 ἡμῶν
915 723 1065 806 καιομένη
1087 727 1120 787 ἐν
1140 724 1228 808 ἡμῖν,
1248 725 1291 798 ὥς
1310 730 1359 790 καί

269 817 370 886 πάντα
389 819 429 885 τό
453 819 575 904 ἐντός),
597 816 666 886 εἶτα
687 818 768 885 κατό
784 819 880 902 τιμὴν
899 822 1041 904 μυαρίσυ
1054 827 1276 902 κελευσθέντες
1296 825 1377 888 ἐπι-δ

269 921 365 1004 βῆναι
388 918 446 1006 (μὴ
466 921 525 1004 γὰρ
547 917 585 985 οὗ
615 923 755 986 τοιοῦτον
782 924 880 986 ἐκεῖνο
899 919 937 984 τό
960 919 1199 1010 ἱππορίδισνς),
1220 927 1359 990 πεισθέν-

269 1042 320 1096 τες
348 1024 391 1106 τρδ
422 1020 603 1100 ἐπιτάξαντα
624 1021 677 1095 καί
698 1021 898 1096 α’νατεθέντες
918 1021 964 1094 εἰς
993 1021 1091 1084 ἐκεῖνο
1120 1022 1265 1104 η’γόμεδα
1287 1020 1359 1087 ἔνθα

272 1117 308 1184 τό
332 1119 552 1205 ναύσταθμον,
583 1117 663 1200 μετὰ
694 1121 750 1184 καί
782 1122 926 1203 γωρυτοῦ
958 1117 1014 1182 καί
1041 1124 1223 1206 φαρέτρας,
1244 1117 1360 1206 όπερῆ

272 1217 379 1292 σελλίς
400 1217 493 1301 ἔτυχε
514 1225 670 1305 φέρουσα.

347 1311 389 1382 Ὦ
418 1340 475 1399 μοι
497 1321 561 1383 ταῖν
589 1319 739 1382 ἐντεῦθεν
767 1321 880 1383 κσκσόν.
929 1313 973 1394 σός
1005 1315 1065 1402 γὰρ
1093 1318 1136 1402 μή
1165 1317 1360 1400 όρκεσόντων
1370 1334 1395 1384 1⁰

277 1417 343 1483 τοῖν
362 1421 479 1501 νεκρῶν
501 1419 542 1480 δι’
563 1407 608 1480 ὧν
627 1415 768 1494 πεζεόων
790 1413 916 1482 ιόδευσα
940 1411 1072 1499 δερμσῖς
1092 1417 1293 1496 ότμιζόντων
1315 1422 1360 1482 αδ.

273 1540 364 1601 μασι,
385 1513 437 1581 διό
460 1521 596 1602 σωρείας
617 1513 731 1598 ἐτέρων
744 1514 877 1600 ἱππότης
896 1520 1100 1602 περιηγόμην,
1123 1509 1169 1581 οἷν
1191 1515 1221 1582 οἱ
1244 1522 1364 1592 πλειόυς

275 1617 521 1700 κατεστρωμένον
553 1613 614 1696 πρό
646 1617 703 1679 τοῦ
732 1615 858 1696 τείχους
887 1613 1007 1680 ἔκειντο
1026 1613 1110 1680 οὕτω
1131 1621 1363 1696 πεπυκνωμένοι

275 1713 320 1790 τός
339 1713 374 1780 τό
395 1711 536 1780 ίππίδιον
557 1709 579 1798 ἢ
597 1712 642 1798 μὴ
664 1712 751 1796 ἐχειν
771 1710 911 1798 όπσιγῆς
930 1711 1026 1797 θήσει
1044 1714 1140 1794 πόδα,
1161 1707 1182 1800 i}
1204 1714 1289 1780 ἀλλὰ
1312 1739 1363 1796 με·

276 1811 353 1892 ταξό
377 1815 440 1878 τῶν
459 1813 524 1901 [τε]
548 1812 711 1897 προσθίαν
745 1817 851 1877 πσδοδν
873 1810 932 1877 δόσ
953 1809 1074 1896 ἢτρεῖς
1096 1811 1182 1896 ἔχειν
1200 1811 1395 1896 όπσκειμέ-ιδ

276 1935 351 1988 νσνς
382 1911 520 1996 νεκροός.
572 1917 627 1996 τῆς
650 1915 686 1977 δὲ
708 1915 876 1988 δυσκολίας
902 1917 957 1995 τῆς
979 1914 1043 1977 τῶν
1073 1917 1182 1978 πολιόν
1208 1910 1318 2002 ἐξόδου
1334 1918 1364 1978 ἐν

277 2008 362 2078 οότω
387 2013 515 2096 μυριόις
536 2014 803 2095 Ἀγριολατίνοις,
830 2014 886 2076 κατ’
911 2007 972 2076 όσα
1000 2015 1036 2078 δέ
1068 2011 1130 2093 ἐξω
1160 2015 1220 2088 ἕως
1247 2013 1303 2078 καὶ
1323 2016 1364 2088 είς

278 2111 351 2188 τοός
368 2118 513 2196 λιμένας,
533 2108 594 2194 ἑγιό
624 2113 683 2190 μὲν
704 2111 864 2192 ἐδάκρυσα
888 2112 944 2175 καί
963 2109 993 2176 οἱ
1023 2114 1192 2194 βλέποντες
1213 2115 1364 2193 Χριστιατ

279 2216 345 2298 κοί,
366 2212 424 2278 οδκ
455 2207 495 2276 όν
517 2214 553 2276 δέ
583 2208 665 2275 ου’τό
688 2208 883 2294 ἐκθήσομαι,
914 2215 965 2274 ἵνα
994 2211 1037 2294 μὴ
1060 2212 1094 2276 ἐν
1125 2205 1172 2286 οἷς
1194 2214 1365 2292 ἐπετέμνετο

280 2313 383 2376 ἐθέλω
404 2313 621 2395 ποριττολογαῖ.
679 2314 780 2374 ταῦτα
807 2313 863 2373 καί
891 2307 988 2390 μόνον
1018 2312 1296 2394 κεφαλαιοόσσμαι,
1320 2305 1395 2377 irruo

281 2415 438 2494 τέσσαρας
465 2413 626 2496 χροσίνων
654 2404 804 2490 χιλιάδας
833 2412 992 2493 ἐγκρατῶς
1020 2409 1218 2494 ἐζητὴδημεν
1239 2407 1268 2474 οὶ
1288 2412 1365 2492 μηδὲ

284 2514 441 2592 ψαμμίων
471 2507 492 2594 ἢ
521 2506 598 2592 χοὸς
634 2507 736 2590 δράκα
764 2505 785 2590 ἢ
814 2509 847 2572 τό
879 2504 1150 2600 καθομιλοόμενον
1187 2509 1291 2572 σίελσν
1320 2512 1367 2572 ἐπί

284 2607 441 2692 στόματος
460 2607 608 2694 ἔχοντες,
638 2605 826 2683 ἀκούσαντες
862 2607 916 2672 καί
934 2607 1024 2692 ὀλίγα
1044 2613 1144 2674 ταῦτα
1165 2602 1247 2672 εἶναι
1267 2612 1302 2686 ἐξ
1320 2608 1367 2674 ἐν·

309 2929 372 2964 uum
393 2911 530 2983 paulisper
553 2912 591 2966 ibi
621 2914 650 2964 in
670 2913 808 2981 tuguriolo
833 2913 956 2966 reclinati
982 2912 1176 2966 mandiaaemur
1204 2929 1301 2984 panem
1324 2912 1371 2962 ari·

288 2929 353 3034 :ium
373 2991 401 3036 ei
429 3000 525 3054 aquam
553 2983 750 3036 irnbibiseernue
774 2983 897 3054 (ardebat
915 2986 985 3036 enim
1009 3001 1055 3036 σοι·
1073 2993 1102 3037 et
1120 2986 1211 3036 omnin
1229 2983 1372 3052 intestina),

289 3053 390 3105 deiude
410 3052 521 3106 honoria
540 3071 619 3105 cauea
637 3056 787 3106 musculum
812 3055 993 3108 conscendere
1018 3055 1083 3106 iussi
1112 3058 1217 3122 (annon
1243 3056 1305 3106 tolie
1329 3054 1371 3104 iae

290 3132 348 3177 erat
369 3125 536 3194 equolam,
561 3125 805 3194 obtemperavimus
832 3127 962 3194 imperio,
989 3134 1017 3178 et
1036 3127 1066 3176 in
1093 3127 1193 3178 animal
1217 3124 1318 3176 enbiau'
1344 3121 1373 3172 ad

290 3197 435 3248 stationem
454 3198 565 3248 navium
588 3195 698 3248 deducti
721 3213 819 3258 eumue,
839 3213 898 3248 oum
917 3197 1088 3266 receptaculo
1105 3214 1181 3250 arcuo
1201 3204 1229 3248 et
1247 3197 1373 3264 pharetra,

291 3282 360 3336 quae
381 3269 410 3318 in
432 3268 499 3318 seila
519 3269 589 3320 sorte
607 3283 736 3337 eurpenea
762 3275 847 3319 erant.

362 3353 430 3406 Proh
445 3355 524 3416 mala,
542 3371 612 3424 qnae
630 3353 729 3406 deinde
750 3362 841 3406 secuta
853 3353 930 3405 eunt!
952 3353 1029 3423 quari
1045 3355 1117 3404 enim
1135 3355 1200 3405 aetio
1217 3369 1275 3404 non
1291 3359 1374 3404 errent

291 3424 430 3488 cadavera,
459 3443 508 3494 per
531 3443 601 3496 quae
626 3425 710 3494 pedes
736 3425 887 3477 transissem
907 3423 997 3478 calido
1024 3425 1154 3492 sangnine
1171 3425 1313 3487 fumantia,
1333 3439 1374 3492 per

291 3512 399 3548 acervos
418 3495 577 3546 cadaverum
605 3511 686 3566 eques
706 3494 932 3559 circuorduoebar,
959 3511 1074 3565 quorum
1094 3495 1210 3564 plurima
1227 3503 1289 3546 ante
1308 3507 1374 3544 moe-

291 3566 337 3617 nia
358 3567 394 3616 iia
414 3565 497 3618 denen
526 3568 644 3634 proiecta
673 3567 813 3629 iacebant,
840 3573 871 3618 ut
899 3583 982 3636 equor
1003 3583 1059 3618 non
1077 3565 1200 3627 haberet,
1220 3566 1268 3617 ubi
1284 3562 1374 3634 peden

292 3645 415 3706 poneret,
434 3636 482 3688 red
501 3637 570 3688 inter
589 3636 672 3706 peden
694 3637 843 3688 anteriores
861 3637 913 3686 tria
938 3645 1087 3706 quatuorve
1109 3636 1239 3688 cadavera
1259 3637 1374 3688 calcaret.

292 3707 433 3758 horridum
462 3725 476 3759 e
505 3709 590 3776 portis
617 3709 719 3758 exitum
745 3709 816 3758 inter
839 3716 940 3758 taniam
964 3707 1204 3759 innumerabilium
1226 3708 1373 3759 Latinorum

293 3779 429 3841 atrociam,
449 3787 476 3830 et
497 3779 602 3848 reliqua
621 3778 748 3848 deiooeps
763 3795 848 3848 oeque
868 3776 903 3828 ad
920 3788 1037 3847 portum,
1059 3775 1156 3828 deflevi
1177 3776 1300 3848 equidem
1320 3791 1373 3826 con

293 3846 461 3911 Christiania,
481 3849 528 3919 qui
546 3852 598 3900 iata
621 3840 755 3909 viderunt,
774 3849 879 3911 ceteris,
897 3865 1033 3917 exponere
1046 3865 1102 3904 nou
1115 3848 1242 3911 conabor,
1263 3863 1296 3898 ne
1309 3845 1373 3896 naul-

293 3926 336 3970 ίιιι
357 3935 414 3970 ease
434 3919 526 3972 videar
546 3919 575 3970 in
594 3920 637 3983 iis,
658 3936 727 3990 quae
746 3920 854 3970 nonnisi
866 3921 998 3987 attingere
1012 3919 1098 3972 decet.
1119 3917 1171 3978 hoc
1188 3927 1288 3972 tantum
1305 3933 1373 3967 com·

294 3989 465 4053 memorabo,
490 3989 611 4042 modeste
640 4007 690 4041 noe
717 3998 847 4058 quattuor
873 3990 960 4042 millia
978 4007 1088 4042 numum
1110 4006 1249 4042 aureorum
1274 3994 1371 4052 rogator

295 4077 371 4121 eoae,
399 4063 446 4128 qui
465 4078 498 4112 ne
518 4063 684 4130 manipulum
709 4060 817 4130 quidem
836 4061 923 4112 sabuli
953 4063 996 4114 vel
1019 4060 1137 4129 prrlveria
1155 4061 1252 4128 vixque
1268 4057 1369 4107 aelirum

295 4131 324 4208 in
345 4130 433 4183 labiis.
453 4130 620 4195 haberemus,
639 4140 722 4202 atque
743 4130 866 4193 auditae,
890 4132 971 4184 etiam
990 4148 1095 4201 perram
1113 4131 1189 4182 illam
1208 4144 1327 4182 summam
1344 4125 1367 4174 in
