2814 4898
396 345 769 417 euoouoenmmrs.
1044 341 1124 424 νῦν

49 499 97 564 “oo'
116 499 195 562 ποιῶ
215 496 359 582 εἰρήνην,
388 499 444 564 ἐόν
469 497 515 582 μή
545 501 650 564 πόσον
678 497 736 584 τόν
764 501 987 584 αἰχμαλωσίαν
1008 489 1123 586 timp?

47 602 204 683 διωρίσατο
226 591 282 662 νόν
303 597 320 662 ό
342 598 622 682 βασιλεόζταότην
643 600 832 679 ἀποδοῦναι,
851 601 907 662 κατ’
925 590 1023 682 ἦλθεν
1042 602 1123 678 μετὰ

47 704 171 774 Λέοντος
195 695 362 782 Θεόόοορος
386 694 570 779 Βοόλγαρος
604 698 716 774 οἰκεῖος
746 699 804 764 τοῦ
824 695 968 778 Συμεών,
989 694 1045 762 riui
1062 723 1123 762 πα.

47 802 164 879 ρόλαβεν
192 797 322 872 αότοός.
374 797 562 880 Νικηφόρον
598 799 634 862 tt
664 799 721 862 τοό
753 798 853 884 moenai
883 793 1122 888 τελευτήσαντος

28 895 184 982 λόφορμός
209 893 314 981 ἐζήτει
341 895 475 976 Συμεών
503 898 561 960 τοῦ
586 889 712 979 εἰρήνην
742 898 914 960 όιαλόσαι·
967 895 1150 979 ἑπιζηεῶνο

44 994 95 1080 γὰρ
114 999 169 1060 κατ’
187 988 302 1074 όλλους
322 993 545 1078 αἰχμαλώτους
568 991 697 1082 ἔρχεται
711 993 789 1060 κατό
805 997 983 1076 Ῥωμαίων.
1026 1001 1122 1062 Λόιον

45 1098 74 1160 tt
91 1094 106 1160 ό
124 1095 278 1176 βασιλεῦς
302 1098 484 1178 όσμόστικον
499 1085 584 1176 ¹raia¹
607 1097 732 1176 σχολῶν
763 1091 974 1180 προβάλλεται
993 1101 1122 1162 Λέοντα

44 1193 88 1260 τόν
105 1193 321 1276 Καεακαλῶν,
349 1199 384 1260 όν
411 1198 451 1280 τῇ
467 1192 593 1282 Ῥοὶβόηι
612 1194 668 1278 τὴν
697 1191 817 1279 οἴκησιν
837 1189 961 1280 ἔχοντα,
980 1197 1035 1260 καί
1054 1198 1121 1275 μετ’

45 1296 132 1358 ου’τοό
151 1291 337 1360 ἀποστέλλει
361 1290 532 1359 Θεοδόσιον
564 1291 729 1374 πατρόιιον
746 1291 801 1356 καὶ
821 1295 1119 1378 πρωτοβεστιόριον.

14 1393 89 1460 timi
104 1397 242 1479 περῶσιν
262 1389 319 1458 ito
342 1391 381 1458 τό
401 1395 527 1473 θέματα
552 1391 608 1456 κατ’
626 1389 666 1457 τό
685 1389 842 1474 τάγματα.
883 1393 938 1458 καί
956 1398 1123 1478 γενομένης

43 1497 192 1577 συμβολῆς
210 1491 292 1576 petrei
313 1489 453 1574 Συμεών
466 1492 511 1566 εἷς
531 1490 564 1558 τό
586 1492 857 1577 Βουλγαρόφνγνν
877 1493 996 1574 όγὲνετο
1021 1493 1120 1578 τροπὴ

43 1595 187 1676 δημόσιοι,
212 1594 267 1658 κου’
286 1587 397 1669 πάντες
419 1592 592 1676 ἀπόλοντο,
616 1591 707 1656 καίό
729 1589 1016 1676 πρωτοβεστιόριος
1042 1594 1121 1658 Θεο-

43 1689 147 1772 δόσιος,
168 1694 210 1758 δι’
229 1688 266 1756 όν
287 1691 304 1755 ό
326 1692 479 1775 βασιλεύς
509 1691 551 1754 ου’
567 1694 705 1775 μετρίως
725 1692 854 1777 ἠνιάθη.

107 1789 178 1858 Ἐπὶ
193 1789 309 1857 νοότον
329 1790 471 1877 ἔσφαξαν
487 1790 543 1857 κατ’
562 1794 598 1857 ἐν
618 1793 765 1876 Χερσῶνι
789 1789 818 1856 oi
837 1794 892 1858 τοῦ
912 1791 1048 1875 κάπρον
1068 1792 1122 1856 τόν

15 1891 208 1977 λῖστρατηγόν
239 1893 343 1957 αότῶν
363 1893 519 1972 Συμεῶνα
539 1887 595 1957 τόν
621 1889 693 1956 υἱόν
709 1887 812 1957 Ἰωνᾶ.
855 1891 1047 1978 παρελήφθη
1067 1897 1122 1956 κατ’

43 1989 72 2053 τό
91 1989 225 2074 κόστρον
245 1988 278 2060 τό
303 1991 410 2074 Κόρου
431 1995 465 2056 όν
485 1990 699 2078 Καππαδοκίᾳ
719 1991 780 2056 όπό
800 1995 862 2058 τῶν
881 1995 1067 2077 Ἀγορηνῶν.

54 2131 57 2140 ,
109 2091 143 2158 Ὁ
161 2093 198 2156 δὲ
216 2090 387 2176 πρόκενσον
408 2090 552 2176 ἐποίησεν
571 2093 618 2168 εἰς
637 2089 678 2156 τοὶ
698 2095 880 2176 Δαμιανοό,
896 2093 1045 2168 συνόντος
1066 2097 1152 2160 neit)

42 2189 178 2269 Ζυοότζα
208 2193 265 2256 τοῦ
297 2189 629 2274 παραόυναστεόοντος
664 2194 719 2256 καί
741 2193 797 2275 τῆς
827 2191 986 2274 θυγατρός
1019 2187 1121 2256 attat

43 2292 126 2373 Ζαῆς
145 2286 213 2372 ἅμα
235 2290 276 2378 τῷ
291 2291 426 2372 βασιλεῖ.
470 2291 623 2376 Θεοφανῶ
640 2293 676 2356 δὲ
698 2289 851 2373 ἡγαμετό
874 2290 974 2355 αότοό
995 2293 1034 2354 ου’
1056 2317 1121 2354 πα-

13 2391 95 2471 topia
111 2390 219 2470 ἐκεῖσε,
241 2390 309 2455 ἀλλ’
331 2393 632 2472 ἒνΒλαχέρναις,ε“ν
650 2392 687 2477 τῇ
709 2391 783 2478 ἁγίηι
802 2393 885 2476 σορῷ
908 2391 1119 2476 προσεκαρτέ-
1164 2382 1187 2470 η’

45 2510 85 2566 ρει
100 2490 261 2573 εὐχομένη.
303 2487 450 2566 δόξαντος
469 2481 526 2553 οὖν
548 2491 604 2554 τοῦ
618 2492 773 2572 βασιλέως
792 2499 898 2571 μεῖναι
917 2493 1016 2554 ἐκεῖσε
1036 2516 1119 2570 oepe-
1177 2540 1181 2552 .

45 2584 157 2665 βυόλιον
176 2585 361 2673 ποιήσαντες
383 2585 413 2654 oi
433 2591 489 2656 εοῦ
514 2588 665 2670 Ζαοότζα
686 2599 853 2676 συγγενεῖς,
876 2586 894 2652 ό
913 2613 947 2654 τε
969 2587 1039 2666 υἱὸς
1060 2590 1119 2654 ου’.

47 2887 127 2940 pacem
144 2890 323 2946 componam,
347 2877 401 2930 nisi
428 2877 548 2949 captivos
570 2896 661 2932 omues
688 2883 839 2949 recepero.”
876 2881 1021 2950 imperator
1041 2882 1119 2932 resti-

48 2951 111 2996 tuere
126 2949 284 3016 proposuit3
310 2949 440 3018 venitque
460 2965 520 3002 eum
536 2952 629 3002 Leone
651 2949 812 3004 Theodorus
828 2951 968 3020 Belgarus,
987 2952 1119 3004 Simeonis

49 3013 204 3082 domesticus,
222 3019 272 3088 qui
292 3037 338 3071 eos
357 3021 469 3089 recepit.
505 3020 602 3082 exinde
620 3021 776 3091 Nicephoro
790 3023 876 3076 Phoea
895 3032 982 3076 morte
1002 3023 1119 3087 sublato,

48 3084 143 3138 Simeon
159 3089 362 3160 abrumpendae
380 3091 455 3161 pacis
468 3093 619 3160 quaerebat
634 3095 800 3157 occasiones,
815 3104 842 3146 et
863 3094 925 3146 aliis
943 3093 1054 3164 captivis
1073 3111 1120 3144 ex-

48 3158 128 3222 petitis
147 3160 273 3212 adversus
286 3163 416 3214 homenes
430 3165 522 3216 movit.
559 3165 615 3217 Leo
633 3181 696 3216 vero
716 3166 863 3232 imperator
877 3166 994 3216 Leonem
1007 3165 1120 3215 Catace-

49 3226 103 3290 lum,
119 3229 151 3280 ad
170 3230 291 3284 Rabdum
316 3232 397 3284 aedes
415 3250 475 3286 suas
492 3233 653 3298 habentem,
671 3235 822 3288 scholarum
840 3236 1016 3287 domesticum
1034 3243 1120 3294 erest,

49 3304 73 3347 et
86 3315 133 3351 una
149 3319 209 3354 eum
231 3319 264 3354 eo
283 3302 469 3356 Theodosium
488 3307 630 3375 patricium
653 3314 682 3359 et
704 3307 940 3374 protovestiarinm
960 3305 1053 3366 mittit,
1070 3306 1118 3373 qui

48 3368 115 3420 simul
133 3373 224 3424 cuncti
250 3390 345 3426 omnes
372 3375 493 3442 legiones
520 3385 548 3431 et
566 3379 658 3445 copias
682 3377 781 3428 iubent
806 3378 943 3442 στείλαντες
974 3391 1118 3445 pugnaque

49 3452 99 3490 cum
115 3441 239 3496 Simeone
267 3443 302 3496 ad
319 3443 553 3515 Bulgarophygum
580 3449 662 3508 inita,
681 3450 745 3515 fuga
770 3449 889 3498 omnium
905 3447 976 3499 saeta
996 3457 1036 3499 eet
1054 3445 1118 3496 hor-

49 3511 125 3574 renda,
141 3529 287 3584 omnesque
312 3515 395 3568 deleti
414 3525 494 3582 sunt3
517 3522 587 3572 inter
607 3537 675 3590 quos
693 3518 822 3589 patricius
839 3517 1022 3581 Theodosius,
1042 3518 1119 3568 eteius

52 3594 117 3632 causa
132 3602 187 3637 non
207 3585 315 3638 modice
332 3587 422 3640 doluit
439 3589 592 3658 imperator.
981 3644 982 3653 η

106 3654 166 3706 Eius
185 3663 309 3726 tempore
339 3658 419 3709 castri
438 3659 583 3712 Chersonis
612 3659 717 3712 incolae
736 3657 831 3710 ducem
852 3659 992 3742 proprium
1012 3657 1120 3709 Simeo-

49 3733 99 3774 nem
116 3725 196 3778 ionas
214 3728 302 3780 filium
319 3727 529 3783 interemerunt:
547 3737 663 3783 castrum
686 3730 769 3782 etism
787 3731 884 3783 Corum
902 3747 932 3781 sn
950 3727 1121 3799 Cappadocia

49 3790 212 3862 abigerent
230 3807 339 3867 captum
359 3807 409 3854 est·

105 3867 179 3920 Porro
197 3869 332 3926 celebrem
360 3887 513 3940 processum
538 3871 574 3925 ad
605 3871 726 3922 Damiani
753 3869 832 3922 aedes
852 3869 948 3920 habuit
965 3870 1120 3937 imperator,
1191 3869 1195 3877 '

51 3931 130 3987 Zautza
146 3939 292 3995 comitante
318 3947 348 3992 et
374 3959 524 4010 supremam
558 3950 620 4012 post
647 3959 707 3994 eum
733 3948 894 4009 potestatem
922 3947 1073 4001 exercente,
1092 3949 1121 3991 et

52 4001 92 4055 Ζοε
111 4011 207 4076 pariter
227 4012 286 4064 eius
308 4011 368 4064 fllia
389 4012 565 4064 solemnitatis
583 4013 663 4063 socia.
708 4012 876 4082 Theophane
893 4029 957 4063 voro
973 4013 1030 4061 eius
1051 4012 1120 4080 legi·

52 4074 104 4153 tima
119 4081 212 4132 coniux
230 4099 286 4134 nou
303 4083 406 4144 aderat,
426 4085 475 4136 sed
495 4086 524 4134 in
537 4082 692 4134 Blachernis
713 4082 746 4134 ad
767 4091 887 4134 sarnetum
906 4083 1055 4152 sepulcrum
1077 4100 1122 4132 os·

52 4144 120 4223 arduis
149 4153 316 4204 orationibus
336 4153 459 4207 vocabat.
507 4156 668 4224 imperatore
688 4154 770 4222 igitur
788 4171 888 4204 moram
911 4155 950 4208 ibi
968 4171 1046 4218 agere
1064 4171 1121 4204 me·

53 4211 139 4284 ditato,
154 4224 296 4285 consilium
313 4225 400 4278 iniere
420 4227 532 4282 Zautzae
551 4226 743 4294 consanguinei
769 4233 800 4280 et
814 4226 886 4277 filius
906 4228 963 4278 eius
981 4227 1120 4287 'i'zantzes,
