2834 4898
380 314 749 392 cflaouonutefflt.
1049 315 1118 426 189

48 478 226 561 έσαλπιγκτέ,
247 475 305 538 καί
322 472 443 557 τρέψας
463 468 588 546 ου’τοές.
600 468 726 552 έποιήσε
747 473 828 546 νῖκος
849 469 947 551 μέγα·
970 472 1024 536 καί
1043 471 1122 536 dno.

48 581 170 664 στρέψας
196 579 230 640 ἐν
257 575 300 661 τῇ
325 572 416 638 πόλει
446 569 501 634 καὶ
525 568 747 653 θριαμβεύσας
776 571 1047 664 τεθωρακισμένος
1067 568 1123 636 τὸν

48 678 166 757 πόλεμον
190 675 303 738 τοῦτον
331 666 536 750 ἐπωνόμασεν
563 671 674 750 ου’γενῆ
705 665 749 740 uc
777 665 911 750 μηθενός
933 663 1018 758 adnati
1035 670 1123 734 α’ντι.

48 775 169 860 στάντος,
185 774 268 858 μηδὲ
287 773 412 856 σφαγῆς
427 766 595 849 Ῥωμαιίον
615 768 791 850 γενομένης.

31 889 43 938 t
112 869 145 938 ‘0
172 875 208 938 di
240 865 350 953 ἅρχων
371 867 565 952 Βουλγέρων
596 869 787 946 Τέλθριχος,
818 862 910 947 γνούς
935 861 987 930 ὅτι
1008 868 1042 932 έκ
1061 869 1125 934 τοῖν

49 976 153 1040 οἰκιέων
173 974 275 1036 ου’τοῦ
300 969 357 1044 τὰς
376 966 494 1050 βουλὰς
523 964 540 1029 ὅ
563 963 711 1048 βασιλεὺς
730 963 885 1042 μανθάνει
907 965 992 1054 αὐτῷ
1016 969 1050 1031 έν
1070 970 1133 1040 du„

49 1069 149 1156 λιὸτητι
170 1067 217 1136 ὅτι
237 1071 354 1152 βουλῆς
386 1069 453 1148 εἰμι
473 1069 621 1151 ἐκφυγεῖν
641 1065 695 1127 καί
713 1066 818 1128 ἐλθεῖν
839 1063 916 1147 πρὸς
936 1067 984 1143 σέ,
1010 1070 1062 1132 ἳνα
1082 1069 1126 1129 δι’

50 1175 114 1252 ἐμοῦ
141 1168 297 1258 ὗποτάξης
326 1170 432 1232 πᾶσαν
458 1163 516 1249 τήν
542 1167 764 1246 Βουλγαριάν·
816 1158 898 1228 dud
925 1169 1051 1246 πέμψον
1068 1187 1126 1247 μοι

49 1269 125 1354 λόγον
151 1273 314 1343 α’τιοιθείοις
334 1291 409 1352 μοι,
442 1265 499 1329 καί
532 1268 619 1339 τινας
645 1265 759 1348 φίλους
788 1259 872 1346 ἔχεις
903 1268 1053 1348 ἐνταῦθα,
1073 1267 1126 1330 ἵνα
1161 1313 1163 1320 1

22 1369 188 1453 ίθθορρήσω
220 1368 331 1441 αὐτοῖς
358 1368 465 1430 έλθεῑν
494 1362 554 1430 uda
576 1364 656 1443 έμοέ.
709 1359 784 1440 ddi
810 1361 980 1448 κουφότητι
1001 1360 1127 1446 γνώμης

50 1473 91 1534 σοι’
103 1469 190 1556 ιῖνοιήτ
210 1469 377 1552 κρατηθείς
398 1463 520 1548 ἔγραψε
533 1459 608 1538 τούς
627 1458 883 1546 καταμηνυοντας
902 1463 999 1550 αὐτῷ,
1020 1465 1127 1528 adusi..

49 1593 90 1646 νος
107 1566 221 1650 μαθοὶν
243 1566 362 1640 πάντας
383 1567 477 1652 δεινῷ
497 1557 624 1649 θανάτῳ
646 1563 845 1644 παρέδωκεν·
886 1557 963 1646 ὅπερ
985 1557 1126 1640 οἰκούσας

49 1673 269 1743 Κανστοντῖνος
288 1665 346 1750 τήν
369 1665 516 1748 γενειάδα
539 1662 638 1728 αὐτοῦ
660 1663 834 1727 α’πέτιλλεν.

113 1763 361 1849 Ἐκστρατεέσας
389 1767 424 1828 di
452 1759 548 1828 πάλιν
581 1757 660 1825 κατὰ
691 1759 906 1844 Βουλγιέρων,
937 1764 991 1828 καί
1019 1763 1128 1840 ιλεινοῦς

25 1879 46 1934 15
55 1867 119 1932 κατοὶ
137 1871 202 1932 τῶν
222 1867 341 1930 σκελοῖν
371 1860 612 1947 ἄνθρακωθεές,
633 1863 688 1924 καί
706 1865 833 1948 πυρετῷ
852 1859 960 1949 λα’βριγ
983 1862 1038 1926 καί
1057 1864 1128 1928 ιλια-

51 1975 111 2030 καιῖ
124 1964 295 2049 συσχεθείς
322 1962 399 2028 κατὰ
421 1961 480 2046 τήν
505 1961 783 2044 Ἀρκαέιούπολιν,
803 1960 1003 2046 ὑπέστρεψεν
1024 1963 1128 2044 ἐγκλί-

51 2089 117 2141 νιος·
165 2067 223 2130 κατ’
252 2063 357 2130 ε’λθών
383 2067 418 2128 έν
448 2063 651 2146 Σηλυμβρέρ,
687 2061 744 2126 καὶ
770 2060 913 2135 πλωέσας
944 2065 1043 2145 μέχρι
1068 2065 1128 2126 τοῦ

50 2166 228 2249 στρογγύλου
258 2165 462 2242 καστελλιόυ,
485 2158 664 2247 θνησκοέση
692 2162 785 2245 ψυχῇ
812 2158 867 2224 καὶ
891 2157 1026 2244 στόματι,
1042 2164 1127 2241 βοοῖν

51 2267 93 2328 καί
110 2270 206 2349 λέγων
226 2257 276 2330 ὅτι
308 2265 370 2342 ζῶν
391 2260 470 2346 πυρὶ
490 2261 635 2348 ἀσβέστῳ
663 2261 844 2345 παρεδόθην
864 2257 917 2325 διὰ
938 2259 995 2344 τὴν
1015 2258 1127 2324 θεοτό·

23 2379 93 2432 lexov
117 2367 274 2448 Μαρίαν·
325 2359 405 2426 α’λλοὶ
430 2357 493 2426 α’πὸ
523 2362 581 2427 τοῦ
599 2363 656 2426 νῦν
682 2360 829 2440 τιμάσθω
850 2363 906 2424 καί
924 2361 1127 2440 α’νυμνεέσθω

52 2461 86 2536 dc
102 2462 245 2538 θεοτόκσς
272 2460 395 2545 ἀληθής
425 2455 517 2526 odon.
568 2463 671 2526 ταῦτα
694 2458 806 2544 ιαὐτοῦ
826 2462 1049 2542 ἐπιβοωμένου,
1073 2462 1130 2524 καί

52 2561 96 2644 την
120 2563 269 2628 θεοτόκον
291 2562 427 2645 Μαρίαν
454 2561 721 2644 ἐπικαλουμένου,
741 2560 797 2622 καί
816 2561 894 2624 πᾶσι
914 2567 1129 2642 παρακελευο-

53 2665 143 2744 μένου,
164 2665 219 2724 καί
238 2663 478 2743 δυγματέζοντος
498 2659 540 2733 ὥς
558 2656 622 2741 χρη
642 2661 801 2739 τιμᾶσθαι
814 2658 868 2722 καί
881 2662 1129 2741 προσκυνεῖσθαι

54 2763 153 2844 κυρίως
183 2758 333 2825 θεοτὸκον
359 2757 418 2843 τὴν
447 2755 673 2844 αἰιιαέρθενον,
710 2759 803 2846 δεινῷ
829 2761 886 2823 καί
914 2761 1045 2846 χαλεπῷ
1073 2755 1131 2844 την

57 3040 104 3094 siae
120 3044 243 3096 tubarum
261 3061 329 3098 sonu
350 3043 459 3097 adortus
478 3053 520 3096 est
545 3042 644 3114 quibus
670 3045 767 3112 sugatis
792 3061 912 3113 magnam
931 3047 1070 3098 vict-osiam
1088 3061 1131 3100 re·

56 3115 170 3180 portavit3
199 3117 229 3168 in
261 3118 355 3168 urbem
387 3133 507 3168 reversus
533 3124 649 3166 causatus
664 3114 829 3184 triumphum
856 3120 919 3185 egit,
939 3117 1041 3168 bellum
1059 3116 1131 3168 illud

57 3182 146 3303 ifllustre
164 3187 266 3252 dicens,
285 3186 359 3258 quod
375 3203 455 3239 nemo
472 3187 524 3238 sibi
542 3187 705 3250 restisissct,
724 3203 814 3256 neque
835 3189 1015 3240 Romanorum
1033 3189 1130 3240 caedes

67 3263 115 3306 acta
131 3266 208 3310 esset.

114 3323 298 3389 Teltlariclius‚
325 3327 500 3394 Bulgarorurn
517 3323 582 3389 dux,
608 3334 744 3396 comperto
765 3342 799 3378 ex
812 3316 993 3383 'familiaribus
1011 3329 1066 3380 suis
1085 3345 1132 3380 se·

58 3400 230 3460 gemconsilia
259 3401 422 3467 comperisse
447 3397 511 3448 dolo
531 3415 593 3447 usus
611 3397 636 3448 ei
656 3397 764 3466 scripsit
790 3399 936 3449 “constitui
957 3397 1084 3472 ausugere
1102 3407 1132 3452 et

58 3465 86 3516 ad
102 3475 125 3518 te
142 3472 241 3532 venire,
259 3478 290 3522 ut
308 3486 357 3538 per
374 3486 417 3520 me
436 3485 542 3520 omnem
557 3468 705 3536 Bulgariam
721 3485 875 3536 expugnes3
895 3468 943 3520 sed
964 3469 1043 3521 fidem
1061 3469 1130 3521 milui

59 3535 93 3596 da,
109 3539 175 3592 nihil
191 3557 235 3592 me
249 3539 302 3610 ‚abs
323 3549 350 3591 te
369 3556 518 3608 pasturum,
536 3547 564 3589 et
581 3555 649 3608 quos
667 3539 711 3589 hic
730 3540 828 3590 asuicos
842 3539 952 3602 habeas,
971 3549 1001 3592 ut
1021 3557 1070 3608 per
1082 3559 1130 3592 eos

59 3605 156 3660 audeam
174 3611 209 3662 ad
225 3618 253 3664 te
272 3611 392 3664 venise.”
428 3627 475 3660 rex
492 3610 589 3660 mentis
606 3609 766 3678 stupiditate
786 3618 814 3661 et
830 3612 948 3661 amentia
965 3610 1060 3662 ductus
1078 3611 1129 3662 de-

59 3675 143 3730 latores
156 3681 215 3733 illos
236 3681 405 3750 significavit,
422 3697 489 3750 quos
507 3681 597 3732 statim
616 3680 665 3731 ille
687 3696 715 3730 re
733 3688 870 3748 comperta
889 3681 1042 3748 gravissimo
1063 3700 1128 3752 sup·

59 3748 129 3814 plicio
147 3753 240 3803 affecit.
277 3753 353 3822 quod
373 3769 456 3822 quum
478 3751 669 3804 Constantinus
688 3750 817 3812 audisset,
836 3749 948 3802 barbam
966 3752 1073 3803 evulsit.

117 3821 210 3874 Rursus
227 3831 320 3874 contra
341 3823 467 3889 Bulgnros
486 3821 608 3890 profecto
627 3838 689 3890 sege
706 3821 863 3873 carbunculi
882 3838 957 3872 crura
976 3824 1032 3874 eius
1050 3824 1128 3876 inva-

60 3899 151 3955 serunt3
181 3892 248 3945 febri
273 3903 411 3962 pcaeterea
437 3890 591 3944 vehementi
610 3901 638 3943 et
663 3891 850 3944 ardentissima
881 3902 1018 3962 correptus
1045 3894 1127 3946 Arca-

61 3955 161 4028 diopoli,
179 3963 206 4012 iu
224 3965 319 4016 lectica
338 3981 457 4015 reversus
478 3971 526 4014 est.
564 3961 740 4028 selymbriam
762 3981 844 4032 quum
863 3963 979 4015 venisset
996 3971 1024 4016 et
1042 3983 1128 4036 usque

60 4027 88 4076 ad
103 4031 264 4099 strongylus]
283 4035 424 4086 castellum
455 4034 517 4084 navi
535 4041 626 4086 vectus
645 4050 741 4102 corpus
766 4035 823 4084 eius
842 4041 869 4084 et
886 4029 975 4086 aniana
996 4039 1135 4094 exstincta,

61 4107 121 4150 aaut.
156 4101 274 4156 clamavit
302 4103 515 4167 autem‚vivum
533 4120 562 4157 se
588 4105 750 4173 sempiterno
770 4105 825 4174 igni
842 4104 968 4158 traditum
989 4123 1048 4160 esse
1065 4126 1129 4176 pro.

61 4175 113 4236 pler
127 4170 257 4243 deiparam
277 4177 404 4242 Mariam,
423 4175 553 4250 iussitque
572 4171 603 4227 in
628 4181 765 4245 posterum
786 4192 846 4228 eam
862 4175 990 4232 honorari
1011 4185 1039 4230 et
1056 4180 1128 4234 cele-
