<?xml version="1.0" encoding="UTF-8"?>
<!DOCTYPE html PUBLIC "-//W3C//DTD XHTML 1.0 Transitional//EN"
    "http://www.w3.org/TR/xhtml1/DTD/xhtml1-transitional.dtd">
<html xmlns="http://www.w3.org/1999/xhtml" xml:lang="en" lang="en">
 <head>
  <title>
</title>
<meta http-equiv="Content-Type" content="text/html;charset=utf-8" />
  <meta name='ocr-system' content='tesseract 3.04.00' />
  <meta name='ocr-capabilities' content='ocr_page ocr_carea ocr_par ocr_line ocrx_word'/>
</head>
<body>
  <div class='ocr_page' id='page_1' title='image "./chronographia01eustgoog_0403.png"; bbox 0 0 2838 4902; ppageno 0'>
   <div class='ocr_carea' id='block_1_1' title="bbox 270 289 948 412">
    <p class='ocr_par' dir='ltr' id='par_1_1' title="bbox 5 135 948 464">
     <span class='ocr_line' id='line_1_1' title="bbox 270 289 948 412; baseline 0 0"><span class='ocrx_word' id='word_1_1' title='bbox 270 331 347 412; x_wconf 81' lang='lat' dir='ltr'><strong>tou</strong></span> <span class='ocrx_word' id='word_1_2' title='bbox 694 289 948 412; x_wconf 71' lang='lat' dir='ltr'><strong>nutrimus</strong></span> 
     </span>
    </p>
   </div>
   <div class='ocr_carea' id='block_1_2' title="bbox 5 481 1388 2778">
    <p class='ocr_par' dir='ltr' id='par_1_2' title="bbox 5 481 1387 2177">
     <span class='ocr_line' id='line_1_2' title="bbox 5 481 1346 584; baseline -0.002 -24"><span class='ocrx_word' id='word_1_3' title='bbox 5 481 6 536; x_wconf 59' lang='lat' dir='ltr'><strong>i</strong></span> <span class='ocrx_word' id='word_1_4' title='bbox 270 517 332 578; x_wconf 72' lang='grc' dir='ltr'><strong>ηας</strong></span> <span class='ocrx_word' id='word_1_5' title='bbox 351 494 480 584; x_wconf 70' lang='grc' dir='ltr'><strong><em>θατέρῳ</em></strong></span> <span class='ocrx_word' id='word_1_6' title='bbox 499 495 604 561; x_wconf 78' lang='grc' dir='ltr'><strong><em>σκέλει</em></strong></span> <span class='ocrx_word' id='word_1_7' title='bbox 633 497 693 560; x_wconf 81' lang='grc' dir='ltr'><strong><em>τού</em></strong></span> <span class='ocrx_word' id='word_1_8' title='bbox 712 495 946 581; x_wconf 77' lang='grc' dir='ltr'><strong><em>σημαινομένοσ</em></strong></span> <span class='ocrx_word' id='word_1_9' title='bbox 974 496 1030 578; x_wconf 79' lang='grc' dir='ltr'><strong><em>τῆς</em></strong></span> <span class='ocrx_word' id='word_1_10' title='bbox 1050 495 1274 583; x_wconf 62' lang='lat' dir='ltr'><strong>opponeres</strong></span> <span class='ocrx_word' id='word_1_11' title='bbox 1291 494 1346 560; x_wconf 77' lang='lat' dir='ltr'><strong>trs·</strong></span> 
     </span>
     <span class='ocr_line' id='line_1_3' title="bbox 271 587 1349 680; baseline 0.003 -23.208"><span class='ocrx_word' id='word_1_12' title='bbox 271 592 474 678; x_wconf 76' lang='grc' dir='ltr'><strong><em>ριισύμιισς,</em></strong></span> <span class='ocrx_word' id='word_1_13' title='bbox 503 589 605 680; x_wconf 78' lang='grc' dir='ltr'><strong><em>φαίνοι</em></strong></span> <span class='ocrx_word' id='word_1_14' title='bbox 630 587 701 660; x_wconf 77' lang='grc' dir='ltr'><strong><em>εἶτα</em></strong></span> <span class='ocrx_word' id='word_1_15' title='bbox 720 593 776 661; x_wconf 87' lang='grc' dir='ltr'><strong>τὸν</strong></span> <span class='ocrx_word' id='word_1_16' title='bbox 795 592 905 680; x_wconf 79' lang='grc' dir='ltr'><strong><em>λόχον,</em></strong></span> <span class='ocrx_word' id='word_1_17' title='bbox 928 589 1041 662; x_wconf 78' lang='grc' dir='ltr'><strong><em>καθότι</em></strong></span> <span class='ocrx_word' id='word_1_18' title='bbox 1077 595 1138 660; x_wconf 86' lang='grc' dir='ltr'><strong><em>σού</em></strong></span> <span class='ocrx_word' id='word_1_19' title='bbox 1157 597 1203 670; x_wconf 79' lang='grc' dir='ltr'><strong><em>τίς</em></strong></span> <span class='ocrx_word' id='word_1_20' title='bbox 1223 595 1349 678; x_wconf 74' lang='grc' dir='ltr'><strong><em>α’στροβῆ</em></strong></span> 
     </span>
     <span class='ocr_line' id='line_1_4' title="bbox 264 687 1350 778; baseline -0.002 -22"><span class='ocrx_word' id='word_1_21' title='bbox 264 695 363 758; x_wconf 46' lang='grc' dir='ltr'><strong><em>’κίονα</em></strong></span> <span class='ocrx_word' id='word_1_22' title='bbox 392 690 623 777; x_wconf 82' lang='grc' dir='ltr'><strong><em>ύιιοστήσαντος</em></strong></span> <span class='ocrx_word' id='word_1_23' title='bbox 653 687 784 778; x_wconf 77' lang='grc' dir='ltr'><strong><em>ἓαοτύν,</em></strong></span> <span class='ocrx_word' id='word_1_24' title='bbox 808 693 983 776; x_wconf 73' lang='grc' dir='ltr'><strong><em>βαστάζειν</em></strong></span> <span class='ocrx_word' id='word_1_25' title='bbox 1007 691 1046 760; x_wconf 83' lang='grc' dir='ltr'><strong><em>τύ</em></strong></span> <span class='ocrx_word' id='word_1_26' title='bbox 1068 693 1148 778; x_wconf 81' lang='grc' dir='ltr'><strong><em>ύαὲρ</em></strong></span> <span class='ocrx_word' id='word_1_27' title='bbox 1167 695 1226 758; x_wconf 85' lang='grc' dir='ltr'><strong><em>τού</em></strong></span> <span class='ocrx_word' id='word_1_28' title='bbox 1244 691 1350 773; x_wconf 79' lang='grc' dir='ltr'><strong><em>παιδός,</em></strong></span> 
     </span>
     <span class='ocr_line' id='line_1_5' title="bbox 272 781 1351 878; baseline 0.001 -23"><span class='ocrx_word' id='word_1_29' title='bbox 272 785 367 866; x_wconf 78' lang='grc' dir='ltr'><strong><em>σύτύς</em></strong></span> <span class='ocrx_word' id='word_1_30' title='bbox 388 781 648 878; x_wconf 80' lang='grc' dir='ltr'><strong><em>οἷαεφορτισύμην</em></strong></span> <span class='ocrx_word' id='word_1_31' title='bbox 666 789 699 857; x_wconf 85' lang='grc' dir='ltr'><strong><em>τύ</em></strong></span> <span class='ocrx_word' id='word_1_32' title='bbox 721 789 802 857; x_wconf 78' lang='grc' dir='ltr'><strong><em>πολύ</em></strong></span> <span class='ocrx_word' id='word_1_33' title='bbox 824 792 882 858; x_wconf 84' lang='grc' dir='ltr'><strong><em>τού</em></strong></span> <span class='ocrx_word' id='word_1_34' title='bbox 909 794 1099 878; x_wconf 75' lang='grc' dir='ltr'><strong><em>φροντίζειν,</em></strong></span> <span class='ocrx_word' id='word_1_35' title='bbox 1114 793 1302 874; x_wconf 71' lang='grc' dir='ltr'><strong><em>ἀναθέμενος</em></strong></span> <span class='ocrx_word' id='word_1_36' title='bbox 1316 787 1351 868; x_wconf 67' lang='lat' dir='ltr'><strong>sig</strong></span> 
     </span>
     <span class='ocr_line' id='line_1_6' title="bbox 271 885 1370 978; baseline 0.004 -22"><span class='ocrx_word' id='word_1_37' title='bbox 271 891 397 977; x_wconf 74' lang='grc' dir='ltr'><strong><em>ἰσχυρῷ</em></strong></span> <span class='ocrx_word' id='word_1_38' title='bbox 418 913 472 956; x_wconf 90' lang='grc' dir='ltr'><strong>σοι</strong></span> <span class='ocrx_word' id='word_1_39' title='bbox 492 892 579 978; x_wconf 75' lang='grc' dir='ltr'><strong><em>αύτῷ</em></strong></span> <span class='ocrx_word' id='word_1_40' title='bbox 610 888 652 958; x_wconf 84' lang='grc' dir='ltr'><strong><em>τοὶ</em></strong></span> <span class='ocrx_word' id='word_1_41' title='bbox 678 892 861 974; x_wconf 74' lang='grc' dir='ltr'><strong><em>βαρήματα.</em></strong></span> <span class='ocrx_word' id='word_1_42' title='bbox 908 887 1065 978; x_wconf 74' lang='grc' dir='ltr'><strong><em>ἦσαχύζει</em></strong></span> <span class='ocrx_word' id='word_1_43' title='bbox 1092 895 1235 960; x_wconf 76' lang='grc' dir='ltr'><strong><em>ἐνταῦθα</em></strong></span> <span class='ocrx_word' id='word_1_44' title='bbox 1254 885 1270 954; x_wconf 79' lang='lat' dir='ltr'><strong>d</strong></span> <span class='ocrx_word' id='word_1_45' title='bbox 1292 893 1370 960; x_wconf 67' lang='lat' dir='ltr'><strong>&#39;Aut</strong></span> 
     </span>
     <span class='ocr_line' id='line_1_7' title="bbox 271 986 1353 1076; baseline 0 -22"><span class='ocrx_word' id='word_1_46' title='bbox 271 988 428 1076; x_wconf 77' lang='grc' dir='ltr'><strong>ύρόιικοις,Ι</strong></span> <span class='ocrx_word' id='word_1_47' title='bbox 444 986 504 1057; x_wconf 81' lang='grc' dir='ltr'><strong><em>’καί</em></strong></span> <span class='ocrx_word' id='word_1_48' title='bbox 520 989 571 1056; x_wconf 83' lang='grc' dir='ltr'><strong><em>τὸν</em></strong></span> <span class='ocrx_word' id='word_1_49' title='bbox 590 986 697 1071; x_wconf 77' lang='grc' dir='ltr'><strong><em>θαμίν</em></strong></span> <span class='ocrx_word' id='word_1_50' title='bbox 726 986 910 1058; x_wconf 82' lang='grc' dir='ltr'><strong><em>ύνιενδακούν</em></strong></span> <span class='ocrx_word' id='word_1_51' title='bbox 935 989 993 1056; x_wconf 88' lang='grc' dir='ltr'><strong>καί</strong></span> <span class='ocrx_word' id='word_1_52' title='bbox 1011 993 1103 1058; x_wconf 88' lang='grc' dir='ltr'><strong><em>τούτο</em></strong></span> <span class='ocrx_word' id='word_1_53' title='bbox 1122 990 1218 1074; x_wconf 76' lang='grc' dir='ltr'><strong><em>μόνον</em></strong></span> <span class='ocrx_word' id='word_1_54' title='bbox 1236 995 1353 1076; x_wconf 84' lang='grc' dir='ltr'><strong><em>οίκροβο-</em></strong></span> 
     </span>
     <span class='ocr_line' id='line_1_8' title="bbox 271 1085 1354 1176; baseline 0 -22"><span class='ocrx_word' id='word_1_55' title='bbox 271 1088 440 1170; x_wconf 80' lang='grc' dir='ltr'><strong><em>λισύμενσς</em></strong></span> <span class='ocrx_word' id='word_1_56' title='bbox 465 1087 543 1172; x_wconf 84' lang='grc' dir='ltr'><strong><em>δίχα</em></strong></span> <span class='ocrx_word' id='word_1_57' title='bbox 575 1090 686 1176; x_wconf 67' lang='grc' dir='ltr'><strong><em>ρὀίζοο</em></strong></span> <span class='ocrx_word' id='word_1_58' title='bbox 717 1089 819 1176; x_wconf 75' lang='grc' dir='ltr'><strong><em>λογίας</em></strong></span> <span class='ocrx_word' id='word_1_59' title='bbox 850 1088 932 1157; x_wconf 76' lang='grc' dir='ltr'><strong><em>κατα</em></strong></span> <span class='ocrx_word' id='word_1_60' title='bbox 966 1093 1025 1156; x_wconf 81' lang='grc' dir='ltr'><strong><em>τοῦ</em></strong></span> <span class='ocrx_word' id='word_1_61' title='bbox 1053 1092 1221 1176; x_wconf 79' lang='grc' dir='ltr'><strong><em>γέροντος,</em></strong></span> <span class='ocrx_word' id='word_1_62' title='bbox 1241 1089 1282 1168; x_wconf 77' lang='grc' dir='ltr'><strong>αἱς</strong></span> <span class='ocrx_word' id='word_1_63' title='bbox 1300 1085 1354 1174; x_wconf 84' lang='grc' dir='ltr'><strong>ύρα</strong></span> 
     </span>
     <span class='ocr_line' id='line_1_9' title="bbox 268 1189 1356 1278; baseline 0 -24"><span class='ocrx_word' id='word_1_64' title='bbox 268 1189 378 1272; x_wconf 70' lang='grc' dir='ltr'><strong><em>βαθύς</em></strong></span> <span class='ocrx_word' id='word_1_65' title='bbox 397 1190 569 1275; x_wconf 73' lang='grc' dir='ltr'><strong><em>Ἀρμένιος.</em></strong></span> <span class='ocrx_word' id='word_1_66' title='bbox 617 1189 674 1255; x_wconf 85' lang='grc' dir='ltr'><strong>καί</strong></span> <span class='ocrx_word' id='word_1_67' title='bbox 693 1193 879 1274; x_wconf 70' lang='grc' dir='ltr'><strong><em>παραμίξας</em></strong></span> <span class='ocrx_word' id='word_1_68' title='bbox 906 1192 947 1278; x_wconf 79' lang='grc' dir='ltr'><strong>κη’</strong></span> <span class='ocrx_word' id='word_1_69' title='bbox 974 1190 1131 1276; x_wconf 76' lang='grc' dir='ltr'><strong>βαρύτητι</strong></span> <span class='ocrx_word' id='word_1_70' title='bbox 1164 1191 1222 1256; x_wconf 87' lang='grc' dir='ltr'><strong>καί</strong></span> <span class='ocrx_word' id='word_1_71' title='bbox 1250 1213 1356 1274; x_wconf 86' lang='grc' dir='ltr'><strong><em>σαρκα-</em></strong></span> 
     </span>
     <span class='ocr_line' id='line_1_10' title="bbox 164 1279 1356 1379; baseline -0.002 -25"><span class='ocrx_word' id='word_1_72' title='bbox 164 1366 172 1379; x_wconf 95' lang='lat'><em>.</em></span> <span class='ocrx_word' id='word_1_73' title='bbox 272 1286 355 1370; x_wconf 86' lang='grc' dir='ltr'><strong><em>σμύν</em></strong></span> <span class='ocrx_word' id='word_1_74' title='bbox 376 1286 429 1354; x_wconf 82' lang='grc' dir='ltr'><strong><em>τὸν</em></strong></span> <span class='ocrx_word' id='word_1_75' title='bbox 449 1279 528 1374; x_wconf 79' lang='grc' dir='ltr'><strong><em>ύχρι</em></strong></span> <span class='ocrx_word' id='word_1_76' title='bbox 548 1293 605 1356; x_wconf 84' lang='grc' dir='ltr'><strong>καί</strong></span> <span class='ocrx_word' id='word_1_77' title='bbox 629 1288 850 1374; x_wconf 75' lang='grc' dir='ltr'><strong><em>μειδιάματος,</em></strong></span> <span class='ocrx_word' id='word_1_78' title='bbox 874 1288 980 1374; x_wconf 80' lang='grc' dir='ltr'><strong><em>κ’ρχὴν</em></strong></span> <span class='ocrx_word' id='word_1_79' title='bbox 999 1293 1123 1358; x_wconf 68' lang='lat' dir='ltr'><strong>insilias</strong></span> <span class='ocrx_word' id='word_1_80' title='bbox 1144 1287 1240 1356; x_wconf 74' lang='grc' dir='ltr'><strong><em>ἔθετο</em></strong></span> <span class='ocrx_word' id='word_1_81' title='bbox 1258 1289 1356 1374; x_wconf 74' lang='lat' dir='ltr'><strong>spesi·</strong></span> 
     </span>
     <span class='ocr_line' id='line_1_11' title="bbox 273 1387 1385 1475; baseline 0.004 -21"><span class='ocrx_word' id='word_1_82' title='bbox 273 1409 386 1472; x_wconf 83' lang='grc' dir='ltr'><strong><em>στερον</em></strong></span> <span class='ocrx_word' id='word_1_83' title='bbox 415 1390 561 1470; x_wconf 76' lang='grc' dir='ltr'><strong><em>μελετᾶν.</em></strong></span> <span class='ocrx_word' id='word_1_84' title='bbox 611 1392 668 1458; x_wconf 84' lang='grc' dir='ltr'><strong>καί</strong></span> <span class='ocrx_word' id='word_1_85' title='bbox 695 1390 742 1466; x_wconf 79' lang='grc' dir='ltr'><strong><em>τίς</em></strong></span> <span class='ocrx_word' id='word_1_86' title='bbox 772 1395 926 1456; x_wconf 73' lang='grc' dir='ltr'><strong><em>τοσοῦτον</em></strong></span> <span class='ocrx_word' id='word_1_87' title='bbox 957 1392 1076 1469; x_wconf 75' lang='grc' dir='ltr'><strong><em>ἐξίκετο</em></strong></span> <span class='ocrx_word' id='word_1_88' title='bbox 1108 1387 1385 1475; x_wconf 73' lang='grc' dir='ltr'><strong><em>δραστηριύτητοςιο</em></strong></span> 
     </span>
     <span class='ocr_line' id='line_1_12' title="bbox 5 1485 1358 1575; baseline -0.006 -16"><span class='ocrx_word' id='word_1_89' title='bbox 5 1485 6 1496; x_wconf 38' lang='lat'>¹</span> <span class='ocrx_word' id='word_1_90' title='bbox 112 1509 118 1572; x_wconf 70' lang='grc' dir='ltr'>ξ</span> <span class='ocrx_word' id='word_1_91' title='bbox 211 1485 318 1566; x_wconf 74' lang='lat' dir='ltr'><strong>tilits‘c</strong></span> <span class='ocrx_word' id='word_1_92' title='bbox 338 1485 418 1570; x_wconf 78' lang='grc' dir='ltr'><strong><em>μετὰ</em></strong></span> <span class='ocrx_word' id='word_1_93' title='bbox 439 1489 555 1574; x_wconf 86' lang='grc' dir='ltr'><strong><em>μικρύν</em></strong></span> <span class='ocrx_word' id='word_1_94' title='bbox 579 1491 794 1574; x_wconf 80' lang='grc' dir='ltr'><strong><em>έτιαναοτῆσαι</em></strong></span> <span class='ocrx_word' id='word_1_95' title='bbox 822 1491 881 1556; x_wconf 85' lang='grc' dir='ltr'><strong>καί</strong></span> <span class='ocrx_word' id='word_1_96' title='bbox 908 1491 1076 1572; x_wconf 80' lang='grc' dir='ltr'><strong><em>ύσιστῆσαι</em></strong></span> <span class='ocrx_word' id='word_1_97' title='bbox 1095 1485 1170 1564; x_wconf 81' lang='grc' dir='ltr'><strong><em>τούς</em></strong></span> <span class='ocrx_word' id='word_1_98' title='bbox 1189 1488 1294 1575; x_wconf 76' lang='grc' dir='ltr'><strong><em>χύδην</em></strong></span> <span class='ocrx_word' id='word_1_99' title='bbox 1313 1512 1358 1552; x_wconf 65' lang='grc' dir='ltr'><strong>ιιι</strong></span> 
     </span>
     <span class='ocr_line' id='line_1_13' title="bbox 273 1585 1358 1677; baseline 0.001 -26"><span class='ocrx_word' id='word_1_100' title='bbox 273 1585 370 1671; x_wconf 78' lang='grc' dir='ltr'><strong><em>κρούς</em></strong></span> <span class='ocrx_word' id='word_1_101' title='bbox 389 1585 450 1664; x_wconf 70' lang='lat' dir='ltr'><strong>ios</strong></span> <span class='ocrx_word' id='word_1_102' title='bbox 471 1587 527 1654; x_wconf 87' lang='grc' dir='ltr'><strong>καί</strong></span> <span class='ocrx_word' id='word_1_103' title='bbox 544 1590 590 1664; x_wconf 81' lang='grc' dir='ltr'><strong><em>τίς</em></strong></span> <span class='ocrx_word' id='word_1_104' title='bbox 609 1587 749 1674; x_wconf 74' lang='grc' dir='ltr'><strong><em>ἐσχάτην</em></strong></span> <span class='ocrx_word' id='word_1_105' title='bbox 767 1585 972 1677; x_wconf 73' lang='grc' dir='ltr'><strong><em>θρασύτητα,</em></strong></span> <span class='ocrx_word' id='word_1_106' title='bbox 992 1587 1037 1664; x_wconf 68' lang='lat' dir='ltr'><strong>uie</strong></span> <span class='ocrx_word' id='word_1_107' title='bbox 1056 1588 1112 1654; x_wconf 86' lang='grc' dir='ltr'><strong>καί</strong></span> <span class='ocrx_word' id='word_1_108' title='bbox 1132 1589 1358 1674; x_wconf 73' lang='grc' dir='ltr'><strong><em>βιαχρησβῆιαι</em></strong></span> 
     </span>
     <span class='ocr_line' id='line_1_14' title="bbox 272 1682 1359 1783; baseline -0.002 -31"><span class='ocrx_word' id='word_1_109' title='bbox 272 1687 418 1752; x_wconf 74' lang='grc' dir='ltr'><strong><em>κίνδυνον</em></strong></span> <span class='ocrx_word' id='word_1_110' title='bbox 445 1690 591 1769; x_wconf 74' lang='grc' dir='ltr'><strong><em>γενέσθαι</em></strong></span> <span class='ocrx_word' id='word_1_111' title='bbox 623 1687 679 1755; x_wconf 84' lang='grc' dir='ltr'><strong><em>τὸν</em></strong></span> <span class='ocrx_word' id='word_1_112' title='bbox 699 1691 855 1783; x_wconf 81' lang='grc' dir='ltr'><strong><em>α’ρχιιρέα</em></strong></span> <span class='ocrx_word' id='word_1_113' title='bbox 882 1688 963 1772; x_wconf 68' lang='lat' dir='ltr'><strong>pest</strong></span> <span class='ocrx_word' id='word_1_114' title='bbox 984 1686 1104 1764; x_wconf 75' lang='grc' dir='ltr'><strong><em>πολλούς</em></strong></span> <span class='ocrx_word' id='word_1_115' title='bbox 1123 1682 1244 1774; x_wconf 81' lang='grc' dir='ltr'><strong><em>ύβροις,</em></strong></span> <span class='ocrx_word' id='word_1_116' title='bbox 1264 1684 1359 1760; x_wconf 68' lang='lat' dir='ltr'><strong>inuios</strong></span> 
     </span>
     <span class='ocr_line' id='line_1_15' title="bbox 271 1781 1357 1873; baseline -0.002 -19"><span class='ocrx_word' id='word_1_117' title='bbox 271 1789 329 1854; x_wconf 87' lang='grc' dir='ltr'><strong>καί</strong></span> <span class='ocrx_word' id='word_1_118' title='bbox 346 1788 498 1856; x_wconf 81' lang='grc' dir='ltr'><strong><em>’ίοαίαῖσι</em></strong></span> <span class='ocrx_word' id='word_1_119' title='bbox 527 1785 717 1867; x_wconf 81' lang='grc' dir='ltr'><strong><em>έτοξύσαντο</em></strong></span> <span class='ocrx_word' id='word_1_120' title='bbox 742 1781 785 1854; x_wconf 78' lang='lat' dir='ltr'><strong>ds</strong></span> <span class='ocrx_word' id='word_1_121' title='bbox 813 1786 894 1857; x_wconf 82' lang='grc' dir='ltr'><strong><em>κοτύ</em></strong></span> <span class='ocrx_word' id='word_1_122' title='bbox 923 1790 1013 1860; x_wconf 69' lang='grc' dir='ltr'><strong><em>βιοῦ,</em></strong></span> <span class='ocrx_word' id='word_1_123' title='bbox 1065 1786 1122 1854; x_wconf 86' lang='grc' dir='ltr'><strong>καί</strong></span> <span class='ocrx_word' id='word_1_124' title='bbox 1141 1789 1173 1856; x_wconf 83' lang='grc' dir='ltr'><strong><em>τί</em></strong></span> <span class='ocrx_word' id='word_1_125' title='bbox 1188 1785 1234 1873; x_wconf 72' lang='grc' dir='ltr'><strong>μὴ</strong></span> <span class='ocrx_word' id='word_1_126' title='bbox 1256 1811 1357 1870; x_wconf 83' lang='grc' dir='ltr'><strong><em>τεχνη-</em></strong></span> 
     </span>
     <span class='ocr_line' id='line_1_16' title="bbox 272 1883 1387 1976; baseline 0.004 -24"><span class='ocrx_word' id='word_1_127' title='bbox 272 1885 409 1969; x_wconf 81' lang='grc' dir='ltr'><strong><em>σάμενος</em></strong></span> <span class='ocrx_word' id='word_1_128' title='bbox 435 1886 452 1954; x_wconf 80' lang='grc' dir='ltr'><strong><em>ὅ</em></strong></span> <span class='ocrx_word' id='word_1_129' title='bbox 479 1891 581 1974; x_wconf 77' lang='grc' dir='ltr'><strong><em>γέρων</em></strong></span> <span class='ocrx_word' id='word_1_130' title='bbox 600 1883 707 1976; x_wconf 62' lang='lat' dir='ltr'><strong>iuueni</strong></span> <span class='ocrx_word' id='word_1_131' title='bbox 734 1886 774 1954; x_wconf 85' lang='grc' dir='ltr'><strong><em>τύ</em></strong></span> <span class='ocrx_word' id='word_1_132' title='bbox 794 1887 939 1972; x_wconf 78' lang='grc' dir='ltr'><strong><em>σωτήρια</em></strong></span> <span class='ocrx_word' id='word_1_133' title='bbox 960 1891 995 1954; x_wconf 84' lang='grc' dir='ltr'><strong>έν</strong></span> <span class='ocrx_word' id='word_1_134' title='bbox 1014 1889 1123 1970; x_wconf 83' lang='grc' dir='ltr'><strong><em>μέσων</em></strong></span> <span class='ocrx_word' id='word_1_135' title='bbox 1141 1890 1272 1973; x_wconf 80' lang='grc' dir='ltr'><strong><em>κροβιίς</em></strong></span> <span class='ocrx_word' id='word_1_136' title='bbox 1294 1889 1387 1958; x_wconf 81' lang='lat' dir='ltr'><strong>sius-15</strong></span> 
     </span>
     <span class='ocr_line' id='line_1_17' title="bbox 273 1980 1360 2075; baseline -0.004 -21"><span class='ocrx_word' id='word_1_137' title='bbox 273 1985 366 2073; x_wconf 91' lang='grc' dir='ltr'><strong><em>σύρη,</em></strong></span> <span class='ocrx_word' id='word_1_138' title='bbox 394 1987 650 2073; x_wconf 78' lang='grc' dir='ltr'><strong><em>αἰιοίοσοίμειος,</em></strong></span> <span class='ocrx_word' id='word_1_139' title='bbox 671 1987 716 2066; x_wconf 68' lang='lat' dir='ltr'><strong>dc</strong></span> <span class='ocrx_word' id='word_1_140' title='bbox 736 1989 844 2075; x_wconf 73' lang='grc' dir='ltr'><strong><em>ἐχρῆν,</em></strong></span> <span class='ocrx_word' id='word_1_141' title='bbox 864 1985 901 2054; x_wconf 87' lang='grc' dir='ltr'><strong><em>τύ</em></strong></span> <span class='ocrx_word' id='word_1_142' title='bbox 926 1980 1059 2075; x_wconf 72' lang='grc' dir='ltr'><strong><em>ἄρχειν,</em></strong></span> <span class='ocrx_word' id='word_1_143' title='bbox 1091 1983 1212 2054; x_wconf 72' lang='lat' dir='ltr'><strong>dandas</strong></span> <span class='ocrx_word' id='word_1_144' title='bbox 1233 1980 1277 2054; x_wconf 79' lang='grc' dir='ltr'><strong>ἂν</strong></span> <span class='ocrx_word' id='word_1_145' title='bbox 1295 1981 1360 2068; x_wconf 72' lang='lat' dir='ltr'><strong>isso</strong></span> 
     </span>
     <span class='ocr_line' id='line_1_18' title="bbox 275 2079 679 2177; baseline 0.022 -26"><span class='ocrx_word' id='word_1_146' title='bbox 275 2090 334 2154; x_wconf 88' lang='grc' dir='ltr'><strong><em>ούιι</em></strong></span> <span class='ocrx_word' id='word_1_147' title='bbox 357 2079 395 2174; x_wconf 81' lang='grc' dir='ltr'><strong>ἧν</strong></span> <span class='ocrx_word' id='word_1_148' title='bbox 417 2086 507 2177; x_wconf 73' lang='grc' dir='ltr'><strong><em>αύτῷ</em></strong></span> <span class='ocrx_word' id='word_1_149' title='bbox 527 2089 679 2159; x_wconf 73' lang='grc' dir='ltr'><strong><em>ἐθέλοντι.</em></strong></span> 
     </span>
    </p>

    <p class='ocr_par' dir='ltr' id='par_1_3' title="bbox 274 2180 1388 2778">
     <span class='ocr_line' id='line_1_19' title="bbox 358 2180 1363 2274; baseline -0.005 -18"><span class='ocrx_word' id='word_1_150' title='bbox 358 2191 432 2256; x_wconf 84' lang='grc' dir='ltr'><strong>Καί</strong></span> <span class='ocrx_word' id='word_1_151' title='bbox 452 2187 551 2264; x_wconf 79' lang='grc' dir='ltr'><strong><em>αύτός</em></strong></span> <span class='ocrx_word' id='word_1_152' title='bbox 570 2191 631 2270; x_wconf 76' lang='grc' dir='ltr'><strong>μέν</strong></span> <span class='ocrx_word' id='word_1_153' title='bbox 652 2180 736 2254; x_wconf 86' lang='grc' dir='ltr'><strong><em>ούτοο</em></strong></span> <span class='ocrx_word' id='word_1_154' title='bbox 751 2190 946 2265; x_wconf 81' lang='grc' dir='ltr'><strong><em>ξονίστειλιν</em></strong></span> <span class='ocrx_word' id='word_1_155' title='bbox 967 2187 1073 2272; x_wconf 86' lang='grc' dir='ltr'><strong><em>αύτύν,</em></strong></span> <span class='ocrx_word' id='word_1_156' title='bbox 1095 2183 1190 2274; x_wconf 76' lang='grc' dir='ltr'><strong><em>ἀφείς</em></strong></span> <span class='ocrx_word' id='word_1_157' title='bbox 1212 2192 1289 2252; x_wconf 71' lang='grc' dir='ltr'><strong>καθ’</strong></span> <span class='ocrx_word' id='word_1_158' title='bbox 1307 2183 1363 2252; x_wconf 80' lang='grc' dir='ltr'><strong><em>ἑτέ-</em></strong></span> 
     </span>
     <span class='ocr_line' id='line_1_20' title="bbox 275 2283 1362 2375; baseline -0.005 -21"><span class='ocrx_word' id='word_1_159' title='bbox 275 2312 342 2373; x_wconf 71' lang='lat' dir='ltr'><strong>psov</strong></span> <span class='ocrx_word' id='word_1_160' title='bbox 362 2283 536 2374; x_wconf 72' lang='grc' dir='ltr'><strong><em>μεμηνέναι</em></strong></span> <span class='ocrx_word' id='word_1_161' title='bbox 567 2287 623 2354; x_wconf 81' lang='grc' dir='ltr'><strong><em>τὸν</em></strong></span> <span class='ocrx_word' id='word_1_162' title='bbox 643 2287 858 2374; x_wconf 77' lang='grc' dir='ltr'><strong><em>Ἀνδρόνικον.</em></strong></span> <span class='ocrx_word' id='word_1_163' title='bbox 907 2287 927 2352; x_wconf 78' lang='lat' dir='ltr'><strong>d</strong></span> <span class='ocrx_word' id='word_1_164' title='bbox 948 2289 976 2354; x_wconf 78' lang='grc' dir='ltr'><strong>δ’</strong></span> <span class='ocrx_word' id='word_1_165' title='bbox 999 2290 1070 2354; x_wconf 76' lang='grc' dir='ltr'><strong><em>ἐπεί</em></strong></span> <span class='ocrx_word' id='word_1_166' title='bbox 1093 2289 1201 2352; x_wconf 85' lang='grc' dir='ltr'><strong><em>σύκέτι</em></strong></span> <span class='ocrx_word' id='word_1_167' title='bbox 1222 2291 1362 2375; x_wconf 77' lang='grc' dir='ltr'><strong><em>προβλῆτι</em></strong></span> 
     </span>
     <span class='ocr_line' id='line_1_21' title="bbox 274 2384 1388 2476; baseline -0.004 -23"><span class='ocrx_word' id='word_1_168' title='bbox 274 2387 417 2476; x_wconf 73' lang='grc' dir='ltr'><strong><em>σκοπέλῳ</em></strong></span> <span class='ocrx_word' id='word_1_169' title='bbox 439 2390 504 2454; x_wconf 77' lang='grc' dir='ltr'><strong><em>τινί</em></strong></span> <span class='ocrx_word' id='word_1_170' title='bbox 525 2387 722 2474; x_wconf 69' lang='grc' dir='ltr'><strong><em>ἀνεκρούετο,</em></strong></span> <span class='ocrx_word' id='word_1_171' title='bbox 754 2389 958 2470; x_wconf 79' lang='grc' dir='ltr'><strong><em>έξειιύμαινεν</em></strong></span> <span class='ocrx_word' id='word_1_172' title='bbox 979 2387 1112 2476; x_wconf 78' lang='grc' dir='ltr'><strong><em>ὀλέθρια</em></strong></span> <span class='ocrx_word' id='word_1_173' title='bbox 1133 2384 1218 2453; x_wconf 75' lang='grc' dir='ltr'><strong><em>κατὰ</em></strong></span> <span class='ocrx_word' id='word_1_174' title='bbox 1241 2385 1388 2462; x_wconf 57' lang='grc' dir='ltr'><strong><em>σύντομα</em></strong></span> 
     </span>
     <span class='ocr_line' id='line_1_22' title="bbox 275 2482 1360 2572; baseline -0.005 -20"><span class='ocrx_word' id='word_1_175' title='bbox 275 2486 338 2568; x_wconf 76' lang='grc' dir='ltr'><strong>ούχ</strong></span> <span class='ocrx_word' id='word_1_176' title='bbox 367 2482 448 2554; x_wconf 76' lang='grc' dir='ltr'><strong><em>κύστο</em></strong></span> <span class='ocrx_word' id='word_1_177' title='bbox 478 2489 536 2555; x_wconf 83' lang='grc' dir='ltr'><strong>καί</strong></span> <span class='ocrx_word' id='word_1_178' title='bbox 567 2489 669 2556; x_wconf 73' lang='grc' dir='ltr'><strong><em>εἰπεῖν</em></strong></span> <span class='ocrx_word' id='word_1_179' title='bbox 695 2483 752 2563; x_wconf 75' lang='lat' dir='ltr'><strong>“dc</strong></span> <span class='ocrx_word' id='word_1_180' title='bbox 773 2511 807 2554; x_wconf 83' lang='lat' dir='ltr'><strong>sa</strong></span> <span class='ocrx_word' id='word_1_181' title='bbox 841 2484 944 2564; x_wconf 81' lang='grc' dir='ltr'><strong><em>αἴτιος</em></strong></span> <span class='ocrx_word' id='word_1_182' title='bbox 974 2482 1009 2565; x_wconf 66' lang='lat' dir='ltr'><strong>ic</strong></span> <span class='ocrx_word' id='word_1_183' title='bbox 1029 2509 1063 2554; x_wconf 83' lang='grc' dir='ltr'><strong><em>το</em></strong></span> <span class='ocrx_word' id='word_1_184' title='bbox 1090 2487 1146 2552; x_wconf 87' lang='grc' dir='ltr'><strong>καί</strong></span> <span class='ocrx_word' id='word_1_185' title='bbox 1164 2486 1275 2572; x_wconf 84' lang='grc' dir='ltr'><strong><em>ούχί,”</em></strong></span> <span class='ocrx_word' id='word_1_186' title='bbox 1293 2483 1360 2550; x_wconf 72' lang='lat' dir='ltr'><strong>diiii</strong></span> 
     </span>
     <span class='ocr_line' id='line_1_23' title="bbox 275 2579 1361 2673; baseline -0.004 -21"><span class='ocrx_word' id='word_1_187' title='bbox 275 2584 355 2655; x_wconf 79' lang='lat' dir='ltr'><strong>susci</strong></span> <span class='ocrx_word' id='word_1_188' title='bbox 384 2589 448 2654; x_wconf 82' lang='grc' dir='ltr'><strong><em>τούν</em></strong></span> <span class='ocrx_word' id='word_1_189' title='bbox 479 2589 581 2673; x_wconf 79' lang='grc' dir='ltr'><strong><em>μηδὲν</em></strong></span> <span class='ocrx_word' id='word_1_190' title='bbox 611 2581 691 2664; x_wconf 78' lang='grc' dir='ltr'><strong>ὅλως</strong></span> <span class='ocrx_word' id='word_1_191' title='bbox 712 2589 847 2669; x_wconf 81' lang='grc' dir='ltr'><strong><em>αἰτίαν,</em></strong></span> <span class='ocrx_word' id='word_1_192' title='bbox 865 2583 900 2654; x_wconf 83' lang='grc' dir='ltr'><strong><em>τύ</em></strong></span> <span class='ocrx_word' id='word_1_193' title='bbox 931 2579 1140 2654; x_wconf 60' lang='lat' dir='ltr'><strong>desudemus·</strong></span> <span class='ocrx_word' id='word_1_194' title='bbox 1181 2585 1241 2655; x_wconf 89' lang='grc' dir='ltr'><strong>καί</strong></span> <span class='ocrx_word' id='word_1_195' title='bbox 1262 2581 1317 2670; x_wconf 74' lang='grc' dir='ltr'><strong><em>τήν</em></strong></span> <span class='ocrx_word' id='word_1_196' title='bbox 1335 2605 1361 2648; x_wconf 86' lang='grc' dir='ltr'><strong>τι</strong></span> 
     </span>
     <span class='ocr_line' id='line_1_24' title="bbox 275 2681 1363 2778; baseline -0.006 -26"><span class='ocrx_word' id='word_1_197' title='bbox 275 2688 332 2752; x_wconf 85' lang='grc' dir='ltr'><strong><em>τού</em></strong></span> <span class='ocrx_word' id='word_1_198' title='bbox 344 2689 502 2769; x_wconf 74' lang='grc' dir='ltr'><strong><em>βασιλέως</em></strong></span> <span class='ocrx_word' id='word_1_199' title='bbox 515 2685 719 2774; x_wconf 75' lang='grc' dir='ltr'><strong><em>περιγράψας</em></strong></span> <span class='ocrx_word' id='word_1_200' title='bbox 735 2690 858 2775; x_wconf 83' lang='grc' dir='ltr'><strong><em>μητέρα</em></strong></span> <span class='ocrx_word' id='word_1_201' title='bbox 878 2689 913 2755; x_wconf 83' lang='grc' dir='ltr'><strong>έν</strong></span> <span class='ocrx_word' id='word_1_202' title='bbox 932 2689 976 2776; x_wconf 78' lang='grc' dir='ltr'><strong><em>τῷ</em></strong></span> <span class='ocrx_word' id='word_1_203' title='bbox 987 2688 1119 2778; x_wconf 81' lang='grc' dir='ltr'><strong><em>σεμνιίρι</em></strong></span> <span class='ocrx_word' id='word_1_204' title='bbox 1138 2688 1197 2754; x_wconf 82' lang='grc' dir='ltr'><strong><em>τού</em></strong></span> <span class='ocrx_word' id='word_1_205' title='bbox 1221 2689 1257 2754; x_wconf 80' lang='grc' dir='ltr'><strong>έν</strong></span> <span class='ocrx_word' id='word_1_206' title='bbox 1276 2681 1363 2770; x_wconf 67' lang='lat' dir='ltr'><strong>dysin</strong></span> 
     </span>
    </p>
   </div>
   <div class='ocr_carea' id='block_1_3' title="bbox 5 2927 1361 4284">
    <p class='ocr_par' dir='ltr' id='par_1_4' title="bbox 276 2927 1361 3002">
     <span class='ocr_line' id='line_1_25' title="bbox 276 2927 1361 3002; baseline -0.003 -21"><span class='ocrx_word' id='word_1_207' title='bbox 276 2946 333 3002; x_wconf 84' lang='lat' dir='ltr'><strong>quo</strong></span> <span class='ocrx_word' id='word_1_208' title='bbox 357 2930 467 2984; x_wconf 79' lang='lat' dir='ltr'><strong>tandem</strong></span> <span class='ocrx_word' id='word_1_209' title='bbox 490 2947 571 2984; x_wconf 87' lang='lat' dir='ltr'><strong>sensu</strong></span> <span class='ocrx_word' id='word_1_210' title='bbox 599 2931 688 2996; x_wconf 85' lang='lat' dir='ltr'><strong>dicat,</strong></span> <span class='ocrx_word' id='word_1_211' title='bbox 705 2931 776 2985; x_wconf 82' lang='lat' dir='ltr'><strong>nihil</strong></span> <span class='ocrx_word' id='word_1_212' title='bbox 806 2932 862 2986; x_wconf 85' lang='lat' dir='ltr'><strong>sibi</strong></span> <span class='ocrx_word' id='word_1_213' title='bbox 887 2937 1000 3002; x_wconf 84' lang='lat' dir='ltr'><strong>propter</strong></span> <span class='ocrx_word' id='word_1_214' title='bbox 1024 2931 1112 3002; x_wconf 86' lang='lat' dir='ltr'><strong>ipsum</strong></span> <span class='ocrx_word' id='word_1_215' title='bbox 1130 2929 1247 2984; x_wconf 86' lang='lat' dir='ltr'><strong>dubium</strong></span> <span class='ocrx_word' id='word_1_216' title='bbox 1265 2946 1319 2982; x_wconf 86' lang='lat' dir='ltr'><strong>esse</strong></span> <span class='ocrx_word' id='word_1_217' title='bbox 1334 2927 1361 2977; x_wconf 86' lang='lat' dir='ltr'><strong>de</strong></span> 
     </span>
    </p>

    <p class='ocr_par' dir='ltr' id='par_1_5' title="bbox 276 2997 1360 3073">
     <span class='ocr_line' id='line_1_26' title="bbox 276 2997 1360 3073; baseline -0.005 -19"><span class='ocrx_word' id='word_1_218' title='bbox 276 3004 448 3072; x_wconf 75' lang='lat' dir='ltr'>imperatore.</span> <span class='ocrx_word' id='word_1_219' title='bbox 465 3010 549 3072; x_wconf 80' lang='lat' dir='ltr'><strong>etque</strong></span> <span class='ocrx_word' id='word_1_220' title='bbox 560 3003 619 3067; x_wconf 84' lang='lat' dir='ltr'><strong>ille,</strong></span> <span class='ocrx_word' id='word_1_221' title='bbox 632 3004 745 3057; x_wconf 80' lang='lat' dir='ltr'><strong>alterans</strong></span> <span class='ocrx_word' id='word_1_222' title='bbox 758 3005 983 3073; x_wconf 77' lang='lat' dir='ltr'><strong>significationem</strong></span> <span class='ocrx_word' id='word_1_223' title='bbox 994 3003 1140 3056; x_wconf 86' lang='lat' dir='ltr'><strong>locutionis</strong></span> <span class='ocrx_word' id='word_1_224' title='bbox 1155 3001 1291 3068; x_wconf 72' lang='lat' dir='ltr'><strong>“dubium</strong></span> <span class='ocrx_word' id='word_1_225' title='bbox 1301 2997 1360 3052; x_wconf 85' lang='lat' dir='ltr'><strong>esse&#39;&#39;</strong></span> 
     </span>
    </p>

    <p class='ocr_par' dir='ltr' id='par_1_6' title="bbox 275 3069 1360 3146">
     <span class='ocr_line' id='line_1_27' title="bbox 275 3069 1360 3146; baseline -0.004 -22"><span class='ocrx_word' id='word_1_226' title='bbox 275 3071 466 3144; x_wconf 82' lang='lat' dir='ltr'><strong>praetendens,</strong></span> <span class='ocrx_word' id='word_1_227' title='bbox 485 3073 585 3126; x_wconf 81' lang='lat' dir='ltr'><strong>dixisse</strong></span> <span class='ocrx_word' id='word_1_228' title='bbox 595 3091 623 3126; x_wconf 84' lang='lat' dir='ltr'><strong>ss</strong></span> <span class='ocrx_word' id='word_1_229' title='bbox 641 3073 714 3126; x_wconf 86' lang='lat' dir='ltr'><strong>illud</strong></span> <span class='ocrx_word' id='word_1_230' title='bbox 732 3077 779 3138; x_wconf 87' lang='lat' dir='ltr'><strong>ait,</strong></span> <span class='ocrx_word' id='word_1_231' title='bbox 797 3073 882 3146; x_wconf 87' lang='lat' dir='ltr'><strong>quod,</strong></span> <span class='ocrx_word' id='word_1_232' title='bbox 899 3083 1043 3144; x_wconf 81' lang='lat' dir='ltr'><strong>postquam</strong></span> <span class='ocrx_word' id='word_1_233' title='bbox 1059 3075 1112 3126; x_wconf 84' lang='lat' dir='ltr'><strong>ista</strong></span> <span class='ocrx_word' id='word_1_234' title='bbox 1129 3089 1159 3125; x_wconf 85' lang='lat' dir='ltr'><strong>se</strong></span> <span class='ocrx_word' id='word_1_235' title='bbox 1177 3079 1308 3144; x_wconf 83' lang='lat' dir='ltr'><strong>tanquam</strong></span> <span class='ocrx_word' id='word_1_236' title='bbox 1323 3069 1360 3122; x_wconf 88' lang='lat' dir='ltr'><strong>fir·</strong></span> 
     </span>
    </p>

    <p class='ocr_par' dir='ltr' id='par_1_7' title="bbox 277 3143 1360 3215">
     <span class='ocr_line' id='line_1_28' title="bbox 277 3143 1360 3215; baseline -0.002 -20"><span class='ocrx_word' id='word_1_237' title='bbox 277 3161 347 3196; x_wconf 80' lang='lat' dir='ltr'><strong>nram</strong></span> <span class='ocrx_word' id='word_1_238' title='bbox 365 3145 518 3196; x_wconf 85' lang='lat' dir='ltr'><strong>columnam</strong></span> <span class='ocrx_word' id='word_1_239' title='bbox 536 3143 685 3198; x_wconf 90' lang='lat' dir='ltr'><strong>obtulisset</strong></span> <span class='ocrx_word' id='word_1_240' title='bbox 705 3145 741 3198; x_wconf 87' lang='lat' dir='ltr'><strong>ad</strong></span> <span class='ocrx_word' id='word_1_241' title='bbox 760 3161 850 3197; x_wconf 85' lang='lat' dir='ltr'><strong>curam</strong></span> <span class='ocrx_word' id='word_1_242' title='bbox 869 3143 1056 3198; x_wconf 87' lang='lat' dir='ltr'><strong>sustinendam</strong></span> <span class='ocrx_word' id='word_1_243' title='bbox 1073 3146 1162 3215; x_wconf 87' lang='lat' dir='ltr'><strong>pueri,</strong></span> <span class='ocrx_word' id='word_1_244' title='bbox 1181 3143 1360 3213; x_wconf 75' lang='lat' dir='ltr'><strong>ipsemagnsm</strong></span> 
     </span>
    </p>

    <p class='ocr_par' dir='ltr' id='par_1_8' title="bbox 277 3214 1359 3287">
     <span class='ocr_line' id='line_1_29' title="bbox 277 3214 1359 3287; baseline -0.007 -19"><span class='ocrx_word' id='word_1_245' title='bbox 277 3215 336 3268; x_wconf 87' lang='lat' dir='ltr'><strong>eius</strong></span> <span class='ocrx_word' id='word_1_246' title='bbox 357 3229 436 3267; x_wconf 82' lang='lat' dir='ltr'><strong>curae</strong></span> <span class='ocrx_word' id='word_1_247' title='bbox 457 3225 561 3287; x_wconf 85' lang='lat' dir='ltr'><strong>partem</strong></span> <span class='ocrx_word' id='word_1_248' title='bbox 579 3214 759 3286; x_wconf 72' lang='lat' dir='ltr'><strong>deposuisset,</strong></span> <span class='ocrx_word' id='word_1_249' title='bbox 777 3217 862 3287; x_wconf 86' lang='lat' dir='ltr'><strong>idque</strong></span> <span class='ocrx_word' id='word_1_250' title='bbox 880 3217 956 3267; x_wconf 90' lang='lat' dir='ltr'><strong>illius</strong></span> <span class='ocrx_word' id='word_1_251' title='bbox 968 3216 1080 3269; x_wconf 85' lang='lat' dir='ltr'><strong>humero</strong></span> <span class='ocrx_word' id='word_1_252' title='bbox 1100 3232 1169 3266; x_wconf 85' lang='lat' dir='ltr'><strong>onus</strong></span> <span class='ocrx_word' id='word_1_253' title='bbox 1188 3215 1359 3285; x_wconf 85' lang='lat' dir='ltr'><strong>imposuisset</strong></span> 
     </span>
    </p>

    <p class='ocr_par' dir='ltr' id='par_1_9' title="bbox 297 3282 1360 3359">
     <span class='ocr_line' id='line_1_30' title="bbox 297 3282 1360 3359; baseline -0.003 -22"><span class='ocrx_word' id='word_1_254' title='bbox 297 3288 395 3340; x_wconf 80' lang='lat' dir='ltr'><strong>olescit</strong></span> <span class='ocrx_word' id='word_1_255' title='bbox 412 3282 447 3338; x_wconf 85' lang='lat' dir='ltr'><strong>sd</strong></span> <span class='ocrx_word' id='word_1_256' title='bbox 464 3287 531 3339; x_wconf 81' lang='lat' dir='ltr'><strong>hoec</strong></span> <span class='ocrx_word' id='word_1_257' title='bbox 547 3285 725 3352; x_wconf 78' lang='lat' dir='ltr'><strong>Andronicus,</strong></span> <span class='ocrx_word' id='word_1_258' title='bbox 746 3295 775 3340; x_wconf 93' lang='lat' dir='ltr'><strong>et</strong></span> <span class='ocrx_word' id='word_1_259' title='bbox 800 3285 900 3359; x_wconf 87' lang='lat' dir='ltr'><strong>premit</strong></span> <span class='ocrx_word' id='word_1_260' title='bbox 916 3295 1025 3358; x_wconf 79' lang='lat' dir='ltr'><strong>pectore</strong></span> <span class='ocrx_word' id='word_1_261' title='bbox 1044 3285 1226 3348; x_wconf 79' lang='lat' dir='ltr'><strong>stomachum,</strong></span> <span class='ocrx_word' id='word_1_262' title='bbox 1244 3284 1360 3356; x_wconf 87' lang='lat' dir='ltr'><strong>perstrin-</strong></span> 
     </span>
    </p>

    <p class='ocr_par' dir='ltr' id='par_1_10' title="bbox 276 3301 1360 3429">
     <span class='ocr_line' id='line_1_31' title="bbox 276 3301 1360 3429; baseline -0.006 -21"><span class='ocrx_word' id='word_1_263' title='bbox 276 3301 340 3426; x_wconf 56' lang='lat' dir='ltr'><strong>aere</strong></span> <span class='ocrx_word' id='word_1_264' title='bbox 357 3368 470 3411; x_wconf 89' lang='lat' dir='ltr'><strong>conatus</strong></span> <span class='ocrx_word' id='word_1_265' title='bbox 487 3373 543 3411; x_wconf 89' lang='lat' dir='ltr'><strong>non</strong></span> <span class='ocrx_word' id='word_1_266' title='bbox 560 3373 658 3427; x_wconf 82' lang='lat' dir='ltr'><strong>magno</strong></span> <span class='ocrx_word' id='word_1_267' title='bbox 676 3359 791 3428; x_wconf 85' lang='lat' dir='ltr'><strong>strepitu</strong></span> <span class='ocrx_word' id='word_1_268' title='bbox 809 3373 918 3422; x_wconf 84' lang='lat' dir='ltr'><strong>senem,</strong></span> <span class='ocrx_word' id='word_1_269' title='bbox 936 3365 1033 3429; x_wconf 87' lang='lat' dir='ltr'><strong>utpote</strong></span> <span class='ocrx_word' id='word_1_270' title='bbox 1061 3356 1179 3410; x_wconf 88' lang='lat' dir='ltr'><strong>subdolo</strong></span> <span class='ocrx_word' id='word_1_271' title='bbox 1198 3356 1360 3425; x_wconf 72' lang='lat' dir='ltr'><strong>ingeniose-</strong></span> 
     </span>
    </p>

    <p class='ocr_par' dir='ltr' id='par_1_11' title="bbox 278 3425 1358 3500">
     <span class='ocr_line' id='line_1_32' title="bbox 278 3425 1358 3500; baseline -0.003 -21"><span class='ocrx_word' id='word_1_272' title='bbox 278 3430 390 3482; x_wconf 85' lang='lat' dir='ltr'><strong>menius.</strong></span> <span class='ocrx_word' id='word_1_273' title='bbox 427 3437 510 3500; x_wconf 82' lang='lat' dir='ltr'><strong>atque</strong></span> <span class='ocrx_word' id='word_1_274' title='bbox 529 3428 650 3482; x_wconf 82' lang='lat' dir='ltr'><strong>admixto</strong></span> <span class='ocrx_word' id='word_1_275' title='bbox 670 3429 813 3500; x_wconf 72' lang='lat' dir='ltr'><strong>superbiae</strong></span> <span class='ocrx_word' id='word_1_276' title='bbox 833 3427 953 3481; x_wconf 88' lang='lat' dir='ltr'><strong>ludibrio</strong></span> <span class='ocrx_word' id='word_1_277' title='bbox 971 3444 1057 3499; x_wconf 85' lang='lat' dir='ltr'><strong>prope</strong></span> <span class='ocrx_word' id='word_1_278' title='bbox 1086 3445 1145 3480; x_wconf 85' lang='lat' dir='ltr'><strong>oum</strong></span> <span class='ocrx_word' id='word_1_279' title='bbox 1166 3429 1234 3492; x_wconf 90' lang='lat' dir='ltr'><strong>risu,</strong></span> <span class='ocrx_word' id='word_1_280' title='bbox 1253 3425 1358 3497; x_wconf 73' lang='lat' dir='ltr'><strong>apertius</strong></span> 
     </span>
    </p>

    <p class='ocr_par' dir='ltr' id='par_1_12' title="bbox 278 3491 1360 3572">
     <span class='ocr_line' id='line_1_33' title="bbox 278 3491 1360 3572; baseline -0.004 -22"><span class='ocrx_word' id='word_1_281' title='bbox 278 3499 333 3550; x_wconf 84' lang='lat' dir='ltr'><strong>ism</strong></span> <span class='ocrx_word' id='word_1_282' title='bbox 351 3501 459 3570; x_wconf 83' lang='lat' dir='ltr'><strong>incepta</strong></span> <span class='ocrx_word' id='word_1_283' title='bbox 477 3500 568 3552; x_wconf 87' lang='lat' dir='ltr'><strong>moliri</strong></span> <span class='ocrx_word' id='word_1_284' title='bbox 588 3509 724 3572; x_wconf 87' lang='lat' dir='ltr'><strong>coeperat</strong></span> <span class='ocrx_word' id='word_1_285' title='bbox 767 3500 862 3571; x_wconf 87' lang='lat' dir='ltr'><strong>itaque</strong></span> <span class='ocrx_word' id='word_1_286' title='bbox 885 3515 919 3551; x_wconf 89' lang='lat' dir='ltr'><strong>so</strong></span> <span class='ocrx_word' id='word_1_287' title='bbox 937 3502 1070 3571; x_wconf 85' lang='lat' dir='ltr'><strong>prooessit</strong></span> <span class='ocrx_word' id='word_1_288' title='bbox 1088 3497 1229 3560; x_wconf 84' lang='lat' dir='ltr'><strong>audaciae,</strong></span> <span class='ocrx_word' id='word_1_289' title='bbox 1250 3506 1281 3553; x_wconf 84' lang='lat' dir='ltr'><strong>nt</strong></span> <span class='ocrx_word' id='word_1_290' title='bbox 1297 3491 1360 3546; x_wconf 80' lang='lat' dir='ltr'><strong>brari</strong></span> 
     </span>
    </p>

    <p class='ocr_par' dir='ltr' id='par_1_13' title="bbox 279 3567 1360 3641">
     <span class='ocr_line' id='line_1_34' title="bbox 279 3567 1360 3641; baseline -0.005 -19"><span class='ocrx_word' id='word_1_291' title='bbox 279 3571 411 3622; x_wconf 82' lang='lat' dir='ltr'><strong>excitaret</strong></span> <span class='ocrx_word' id='word_1_292' title='bbox 429 3580 457 3623; x_wconf 82' lang='lat' dir='ltr'><strong>et</strong></span> <span class='ocrx_word' id='word_1_293' title='bbox 472 3578 632 3641; x_wconf 77' lang='lat' dir='ltr'><strong>provocaret</strong></span> <span class='ocrx_word' id='word_1_294' title='bbox 648 3572 835 3624; x_wconf 79' lang='lat' dir='ltr'><strong>cavillatorum</strong></span> <span class='ocrx_word' id='word_1_295' title='bbox 854 3569 951 3639; x_wconf 83' lang='lat' dir='ltr'><strong>vulgus</strong></span> <span class='ocrx_word' id='word_1_296' title='bbox 970 3571 1005 3622; x_wconf 87' lang='lat' dir='ltr'><strong>ad</strong></span> <span class='ocrx_word' id='word_1_297' title='bbox 1019 3577 1165 3622; x_wconf 76' lang='lat' dir='ltr'><strong>extremam</strong></span> <span class='ocrx_word' id='word_1_298' title='bbox 1182 3567 1360 3639; x_wconf 75' lang='lat' dir='ltr'><strong>petulantiam,</strong></span> 
     </span>
    </p>

    <p class='ocr_par' dir='ltr' id='par_1_14' title="bbox 280 3640 1360 3712">
     <span class='ocr_line' id='line_1_35' title="bbox 280 3640 1360 3712; baseline -0.003 -21"><span class='ocrx_word' id='word_1_299' title='bbox 280 3649 310 3694; x_wconf 85' lang='lat' dir='ltr'><strong>et</strong></span> <span class='ocrx_word' id='word_1_300' title='bbox 326 3640 529 3712; x_wconf 84' lang='lat' dir='ltr'><strong>archiepiscopo</strong></span> <span class='ocrx_word' id='word_1_301' title='bbox 548 3658 583 3694; x_wconf 87' lang='lat' dir='ltr'><strong>ns</strong></span> <span class='ocrx_word' id='word_1_302' title='bbox 601 3643 641 3695; x_wconf 86' lang='lat' dir='ltr'><strong>sis</strong></span> <span class='ocrx_word' id='word_1_303' title='bbox 659 3643 737 3694; x_wconf 82' lang='lat' dir='ltr'><strong>fieret</strong></span> <span class='ocrx_word' id='word_1_304' title='bbox 754 3641 906 3712; x_wconf 84' lang='lat' dir='ltr'><strong>perieulum</strong></span> <span class='ocrx_word' id='word_1_305' title='bbox 935 3649 1014 3704; x_wconf 87' lang='lat' dir='ltr'><strong>esset,</strong></span> <span class='ocrx_word' id='word_1_306' title='bbox 1035 3649 1098 3710; x_wconf 90' lang='lat' dir='ltr'><strong>post</strong></span> <span class='ocrx_word' id='word_1_307' title='bbox 1113 3641 1213 3694; x_wconf 82' lang='lat' dir='ltr'><strong>multas</strong></span> <span class='ocrx_word' id='word_1_308' title='bbox 1232 3646 1360 3692; x_wconf 79' lang='lat' dir='ltr'><strong>contuns-</strong></span> 
     </span>
    </p>

    <p class='ocr_par' dir='ltr' id='par_1_15' title="bbox 217 3708 1361 3782">
     <span class='ocr_line' id='line_1_36' title="bbox 217 3708 1361 3782; baseline -0.005 -20"><span class='ocrx_word' id='word_1_309' title='bbox 217 3708 224 3717; x_wconf 89' lang='grc'><em>“</em></span> <span class='ocrx_word' id='word_1_310' title='bbox 280 3711 348 3774; x_wconf 84' lang='lat' dir='ltr'><strong>lias,</strong></span> <span class='ocrx_word' id='word_1_311' title='bbox 374 3712 469 3781; x_wconf 78' lang='lat' dir='ltr'><strong>quales</strong></span> <span class='ocrx_word' id='word_1_312' title='bbox 489 3712 584 3764; x_wconf 83' lang='lat' dir='ltr'><strong>ludaei</strong></span> <span class='ocrx_word' id='word_1_313' title='bbox 603 3715 633 3764; x_wconf 88' lang='lat' dir='ltr'><strong>in</strong></span> <span class='ocrx_word' id='word_1_314' title='bbox 659 3713 739 3765; x_wconf 83' lang='lat' dir='ltr'><strong>deum</strong></span> <span class='ocrx_word' id='word_1_315' title='bbox 758 3713 897 3765; x_wconf 79' lang='lat' dir='ltr'><strong>fuderunt·</strong></span> <span class='ocrx_word' id='word_1_316' title='bbox 947 3729 979 3764; x_wconf 82' lang='lat' dir='ltr'><strong>ao</strong></span> <span class='ocrx_word' id='word_1_317' title='bbox 995 3711 1049 3764; x_wconf 90' lang='lat' dir='ltr'><strong>nisi</strong></span> <span class='ocrx_word' id='word_1_318' title='bbox 1065 3729 1149 3764; x_wconf 85' lang='lat' dir='ltr'><strong>senex</strong></span> <span class='ocrx_word' id='word_1_319' title='bbox 1164 3711 1361 3782; x_wconf 85' lang='lat' dir='ltr'><strong>prudentersa·</strong></span> 
     </span>
    </p>

    <p class='ocr_par' dir='ltr' id='par_1_16' title="bbox 5 3777 1360 3926">
     <span class='ocr_line' id='line_1_37' title="bbox 5 3777 1360 3861; baseline -0.001 -24"><span class='ocrx_word' id='word_1_320' title='bbox 5 3791 7 3824; x_wconf 72' lang='lat' dir='ltr'><strong>t</strong></span> <span class='ocrx_word' id='word_1_321' title='bbox 189 3838 197 3861; x_wconf 54' lang='lat'>⁴</span> <span class='ocrx_word' id='word_1_322' title='bbox 280 3783 365 3836; x_wconf 84' lang='lat' dir='ltr'><strong>intem</strong></span> <span class='ocrx_word' id='word_1_323' title='bbox 387 3783 546 3852; x_wconf 76' lang='lat' dir='ltr'><strong>quaesisset,</strong></span> <span class='ocrx_word' id='word_1_324' title='bbox 565 3785 633 3836; x_wconf 85' lang='lat' dir='ltr'><strong>elam</strong></span> <span class='ocrx_word' id='word_1_325' title='bbox 654 3801 683 3836; x_wconf 87' lang='lat' dir='ltr'><strong>se</strong></span> <span class='ocrx_word' id='word_1_326' title='bbox 701 3783 755 3835; x_wconf 88' lang='lat' dir='ltr'><strong>illis</strong></span> <span class='ocrx_word' id='word_1_327' title='bbox 773 3781 975 3846; x_wconf 82' lang='lat' dir='ltr'><strong>subtrahendo,</strong></span> <span class='ocrx_word' id='word_1_328' title='bbox 993 3791 1023 3836; x_wconf 83' lang='lat' dir='ltr'><strong>et</strong></span> <span class='ocrx_word' id='word_1_329' title='bbox 1040 3781 1178 3853; x_wconf 85' lang='lat' dir='ltr'><strong>deposito,</strong></span> <span class='ocrx_word' id='word_1_330' title='bbox 1195 3790 1229 3835; x_wconf 92' lang='lat' dir='ltr'><strong>ut</strong></span> <span class='ocrx_word' id='word_1_331' title='bbox 1246 3777 1360 3836; x_wconf 74' lang='lat' dir='ltr'><strong>debebat</strong></span> 
     </span>
     <span class='ocr_line' id='line_1_38' title="bbox 126 3853 1028 3926; baseline 0.002 -22"><span class='ocrx_word' id='word_1_332' title='bbox 126 3864 132 3875; x_wconf 93' lang='grc'><em>·</em></span> <span class='ocrx_word' id='word_1_333' title='bbox 280 3853 407 3924; x_wconf 85' lang='lat' dir='ltr'><strong>imperio,</strong></span> <span class='ocrx_word' id='word_1_334' title='bbox 426 3853 541 3907; x_wconf 79' lang='lat' dir='ltr'><strong>forsitan</strong></span> <span class='ocrx_word' id='word_1_335' title='bbox 559 3853 633 3907; x_wconf 89' lang='lat' dir='ltr'><strong>haud</strong></span> <span class='ocrx_word' id='word_1_336' title='bbox 651 3863 726 3923; x_wconf 79' lang='lat' dir='ltr'><strong>grata</strong></span> <span class='ocrx_word' id='word_1_337' title='bbox 744 3855 798 3906; x_wconf 88' lang='lat' dir='ltr'><strong>sibi</strong></span> <span class='ocrx_word' id='word_1_338' title='bbox 815 3871 943 3926; x_wconf 89' lang='lat' dir='ltr'><strong>passurus</strong></span> <span class='ocrx_word' id='word_1_339' title='bbox 961 3861 1028 3906; x_wconf 73' lang='lat' dir='ltr'><strong>erat.</strong></span> 
     </span>
    </p>

    <p class='ocr_par' dir='ltr' id='par_1_17' title="bbox 235 3917 1361 4208">
     <span class='ocr_line' id='line_1_39' title="bbox 235 3917 1360 3998; baseline -0.009 -20"><span class='ocrx_word' id='word_1_340' title='bbox 235 3935 240 3947; x_wconf 91' lang='grc'><strong><em>·</em></strong></span> <span class='ocrx_word' id='word_1_341' title='bbox 351 3927 446 3998; x_wconf 80' lang='lat' dir='ltr'><strong>ltaque</strong></span> <span class='ocrx_word' id='word_1_342' title='bbox 465 3927 514 3978; x_wconf 83' lang='lat' dir='ltr'><strong>ille</strong></span> <span class='ocrx_word' id='word_1_343' title='bbox 531 3927 571 3977; x_wconf 83' lang='lat' dir='ltr'><strong>ita</strong></span> <span class='ocrx_word' id='word_1_344' title='bbox 596 3943 625 3978; x_wconf 86' lang='lat' dir='ltr'><strong>se</strong></span> <span class='ocrx_word' id='word_1_345' title='bbox 651 3925 809 3988; x_wconf 84' lang='lat' dir='ltr'><strong>continuit,</strong></span> <span class='ocrx_word' id='word_1_346' title='bbox 837 3923 1021 3977; x_wconf 80' lang='lat' dir='ltr'><strong>Andronicum</strong></span> <span class='ocrx_word' id='word_1_347' title='bbox 1044 3939 1137 3995; x_wconf 84' lang='lat' dir='ltr'><strong>passus</strong></span> <span class='ocrx_word' id='word_1_348' title='bbox 1155 3920 1286 3974; x_wconf 77' lang='lat' dir='ltr'><strong>adversm</strong></span> <span class='ocrx_word' id='word_1_349' title='bbox 1305 3917 1360 3968; x_wconf 80' lang='lat' dir='ltr'><strong>aliut</strong></span> 
     </span>
     <span class='ocr_line' id='line_1_40' title="bbox 281 3989 1359 4068; baseline -0.003 -25"><span class='ocrx_word' id='word_1_350' title='bbox 281 3993 379 4047; x_wconf 78' lang='lat' dir='ltr'><strong>furere.</strong></span> <span class='ocrx_word' id='word_1_351' title='bbox 416 3996 464 4068; x_wconf 89' lang='lat' dir='ltr'><strong>qui</strong></span> <span class='ocrx_word' id='word_1_352' title='bbox 481 4013 565 4067; x_wconf 86' lang='lat' dir='ltr'><strong>quum</strong></span> <span class='ocrx_word' id='word_1_353' title='bbox 580 4011 641 4049; x_wconf 84' lang='lat' dir='ltr'><strong>non</strong></span> <span class='ocrx_word' id='word_1_354' title='bbox 653 3997 708 4050; x_wconf 84' lang='lat' dir='ltr'><strong>ism</strong></span> <span class='ocrx_word' id='word_1_355' title='bbox 728 3995 918 4058; x_wconf 77' lang='lat' dir='ltr'><strong>retunderetur</strong></span> <span class='ocrx_word' id='word_1_356' title='bbox 930 3996 1045 4065; x_wconf 85' lang='lat' dir='ltr'><strong>scopulo</strong></span> <span class='ocrx_word' id='word_1_357' title='bbox 1057 3996 1204 4056; x_wconf 85' lang='lat' dir='ltr'><strong>eminente,</strong></span> <span class='ocrx_word' id='word_1_358' title='bbox 1223 3989 1359 4068; x_wconf 67' lang='lat' dir='ltr'><strong>perniciem</strong></span> 
     </span>
     <span class='ocr_line' id='line_1_41' title="bbox 280 4063 1360 4137; baseline 0.002 -24"><span class='ocrx_word' id='word_1_359' title='bbox 280 4063 408 4117; x_wconf 83' lang='lat' dir='ltr'><strong>adsersus</strong></span> <span class='ocrx_word' id='word_1_360' title='bbox 426 4083 518 4120; x_wconf 88' lang='lat' dir='ltr'><strong>omnes</strong></span> <span class='ocrx_word' id='word_1_361' title='bbox 538 4067 666 4137; x_wconf 85' lang='lat' dir='ltr'><strong>spirabat,</strong></span> <span class='ocrx_word' id='word_1_362' title='bbox 684 4085 741 4120; x_wconf 91' lang='lat' dir='ltr'><strong>uon</strong></span> <span class='ocrx_word' id='word_1_363' title='bbox 760 4070 799 4119; x_wconf 84' lang='lat' dir='ltr'><strong>lta</strong></span> <span class='ocrx_word' id='word_1_364' title='bbox 819 4075 849 4118; x_wconf 92' lang='lat' dir='ltr'><strong>ut</strong></span> <span class='ocrx_word' id='word_1_365' title='bbox 865 4074 1018 4136; x_wconf 83' lang='lat' dir='ltr'><strong>quaereret,</strong></span> <span class='ocrx_word' id='word_1_366' title='bbox 1044 4066 1105 4136; x_wconf 88' lang='lat' dir='ltr'><strong>quis</strong></span> <span class='ocrx_word' id='word_1_367' title='bbox 1126 4081 1191 4118; x_wconf 90' lang='lat' dir='ltr'><strong>sons</strong></span> <span class='ocrx_word' id='word_1_368' title='bbox 1208 4070 1295 4124; x_wconf 84' lang='lat' dir='ltr'><strong>esset,</strong></span> <span class='ocrx_word' id='word_1_369' title='bbox 1311 4072 1360 4128; x_wconf 67' lang='lat' dir='ltr'><strong>quit</strong></span> 
     </span>
     <span class='ocr_line' id='line_1_42' title="bbox 279 4136 1361 4208; baseline -0.005 -20"><span class='ocrx_word' id='word_1_370' title='bbox 279 4149 337 4188; x_wconf 86' lang='lat' dir='ltr'><strong>nnn</strong></span> <span class='ocrx_word' id='word_1_371' title='bbox 355 4145 435 4198; x_wconf 87' lang='lat' dir='ltr'><strong>esset,</strong></span> <span class='ocrx_word' id='word_1_372' title='bbox 452 4137 501 4188; x_wconf 85' lang='lat' dir='ltr'><strong>sed</strong></span> <span class='ocrx_word' id='word_1_373' title='bbox 519 4138 646 4191; x_wconf 86' lang='lat' dir='ltr'><strong>adversus</strong></span> <span class='ocrx_word' id='word_1_374' title='bbox 667 4155 775 4208; x_wconf 86' lang='lat' dir='ltr'><strong>prorsus</strong></span> <span class='ocrx_word' id='word_1_375' title='bbox 797 4139 937 4199; x_wconf 85' lang='lat' dir='ltr'><strong>insontes,</strong></span> <span class='ocrx_word' id='word_1_376' title='bbox 960 4153 1062 4188; x_wconf 86' lang='lat' dir='ltr'><strong>summa</strong></span> <span class='ocrx_word' id='word_1_377' title='bbox 1081 4136 1200 4199; x_wconf 74' lang='lat' dir='ltr'><strong>iniuria,</strong></span> <span class='ocrx_word' id='word_1_378' title='bbox 1216 4141 1299 4204; x_wconf 86' lang='lat' dir='ltr'><strong>atque</strong></span> <span class='ocrx_word' id='word_1_379' title='bbox 1315 4143 1361 4180; x_wconf 76' lang='grc' dir='ltr'><strong><em>σο·</em></strong></span> 
     </span>
    </p>

    <p class='ocr_par' dir='ltr' id='par_1_18' title="bbox 158 4199 1360 4284">
     <span class='ocr_line' id='line_1_43' title="bbox 158 4199 1360 4284; baseline -0.006 -25"><span class='ocrx_word' id='word_1_380' title='bbox 158 4238 165 4254; x_wconf 84' lang='lat'>·</span> <span class='ocrx_word' id='word_1_381' title='bbox 280 4213 349 4259; x_wconf 86' lang='lat' dir='ltr'><strong>trem</strong></span> <span class='ocrx_word' id='word_1_382' title='bbox 367 4205 538 4284; x_wconf 81' lang='lat' dir='ltr'><strong>imperatoris</strong></span> <span class='ocrx_word' id='word_1_383' title='bbox 556 4209 586 4262; x_wconf 92' lang='lat' dir='ltr'><strong>in</strong></span> <span class='ocrx_word' id='word_1_384' title='bbox 597 4209 727 4282; x_wconf 84' lang='lat' dir='ltr'><strong>templum</strong></span> <span class='ocrx_word' id='word_1_385' title='bbox 745 4207 885 4282; x_wconf 84' lang='lat' dir='ltr'><strong>snpientia,</strong></span> <span class='ocrx_word' id='word_1_386' title='bbox 902 4207 951 4280; x_wconf 86' lang='lat' dir='ltr'><strong>qui</strong></span> <span class='ocrx_word' id='word_1_387' title='bbox 970 4207 1000 4263; x_wconf 86' lang='lat' dir='ltr'><strong>in</strong></span> <span class='ocrx_word' id='word_1_388' title='bbox 1017 4207 1116 4262; x_wconf 79' lang='lat' dir='ltr'><strong>sanetis</strong></span> <span class='ocrx_word' id='word_1_389' title='bbox 1128 4214 1179 4272; x_wconf 90' lang='lat' dir='ltr'><strong>est,</strong></span> <span class='ocrx_word' id='word_1_390' title='bbox 1196 4204 1294 4258; x_wconf 82' lang='lat' dir='ltr'><strong>medici</strong></span> <span class='ocrx_word' id='word_1_391' title='bbox 1305 4199 1360 4254; x_wconf 80' lang='lat' dir='ltr'><strong>Dit-</strong></span> 
     </span>
    </p>
   </div>
   <div class='ocr_carea' id='block_1_4' title="bbox 0 0 1436 4900">
    <p class='ocr_par' dir='ltr' id='par_1_19' title="bbox 0 0 1436 4900">
     <span class='ocr_line' id='line_1_44' title="bbox 0 0 1436 4900; baseline 0 0"><span class='ocrx_word' id='word_1_392' title='bbox 0 0 1436 4900; x_wconf 95' lang='lat' dir='ltr'><strong> </strong></span> 
     </span>
    </p>
   </div>
  </div>
 </body>
</html>
