2892 4904
308 355 380 429 508
729 357 983 428 destitutus

306 539 349 581 σα
371 510 506 592 πατάξαι
531 513 579 587 εἰς
604 510 753 576 θάνατον.
795 513 853 577 οιίκ
875 509 1080 592 ἀκουσόμεθα
1114 509 1173 592 ot,
1193 513 1299 592 μένειν
1319 513 1389 574 θεοῦ

307 618 383 680 καθ’
403 610 505 698 ἡμῶν,
527 611 616 695 εἴπερ
644 609 901 694 διορθωσόμεθα.
944 610 1116 694 διόρθωσις
1150 612 1186 676 δὲ
1206 609 1283 694 ἡμῖν
1303 609 1390 696 ἔσται,

308 715 339 779 εἰ
357 707 612 795 μεταβαλοίμεθυι
646 714 703 776 τοῦ
722 708 935 797 περιπονὴρου
957 713 1038 793 βίον,
1059 713 1101 774 δι’
1124 707 1158 774 ts
1179 704 1254 793 ἡμῖν
1274 711 1389 774 ταῦτα·

307 814 429 898 μηδένα
455 811 517 896 γὰρ
547 811 620 886 νοῦς
638 807 785 876 πλανάτω
811 810 975 895 φίλαυτος,
997 805 1040 885 ὥς
1061 809 1120 873 οὐκ
1140 799 1272 884 ἐνδίκως
1291 831 1391 872 πεποι-

308 907 523 998 νηλατήμεθα.
1240 925 1245 932 ’
1399 927 1411 978 5

393 1013 531 1093 Πρῶτος
558 1000 614 1074 oda
646 1006 707 1091 troi
737 1005 799 1092 πρὸ
831 1007 1010 1096 ὀφθαλμῶν
1040 1009 1228 1090 ἱσταμένους
1248 1011 1324 1086 τούς
1342 1012 1394 1072 τῶν

309 1113 396 1193 ipsuis
415 1114 532 1176 κακιαῖν
556 1111 704 1192 ἐλέγχους
735 1108 923 1192 οἷναθεωρυῖ,
949 1111 1005 1171 καί
1023 1112 1202 1190 τιοτνιιόμαι
1222 1111 1397 1172 θεοκλυτῶν

309 1207 384 1292 περί
402 1209 510 1286 ἐλέους
540 1209 628 1292 θεοῦ,
661 1212 718 1272 καί
735 1233 802 1283 πως
830 1209 864 1272 ἑκ
891 1213 950 1273 τοτ’
981 1211 1105 1272 δικαίου
1138 1205 1253 1295 ἔφεσιν
1270 1207 1352 1294 πρός
1369 1205 1396 1270 τὸ

311 1309 538 1397 φιλάνθρωπον
564 1311 719 1389 τίθεμαι,
740 1305 784 1392 μη
816 1304 899 1388 ἔχων
919 1307 1142 1394 ὑφίστασθαι,
1161 1306 1255 1390 εἴπερ
1277 1310 1400 1390 α’νομίος

311 1415 494 1494 παρατηρεῖ
509 1404 629 1491 κύριος.
672 1411 885 1491 μεταβλητέον
905 1399 962 1471 οὖν
982 1399 1056 1472 ὅσον
1070 1405 1175 1490 ια’χος.
1219 1411 1327 1473 οὐκέτι
1348 1407 1428 1490 ydoli

312 1507 344 1573 oi
362 1511 498 1594 πλείους,
520 1507 564 1582 τίς
582 1507 698 1590 βλέπω,
720 1504 897 1591 μεταβολήν
909 1505 967 1590 τὴν
982 1503 1402 1593 χρηστοτέρανῆλλοίμμεθυ.

313 1613 461 1692 μενοῦνγε
495 1603 751 1694 φιλοτιμούμεθα
779 1604 835 1670 καί
860 1607 954 1673 αυ’τοι“
982 1611 1083 1692 λέγειν
1112 1606 1205 1672 “root
1231 1612 1288 1672 καί
1319 1609 1402 1672 πίλα

314 1693 422 1792 ἦμεῖς·
464 1708 512 1784 τίς
541 1702 632 1791 ἧμιόν
661 1702 767 1790 κύριός
788 1709 912 1788 εὐτιν,”
933 1701 976 1782 οἷς
1004 1705 1139 1792 μηδενός
1173 1707 1253 1792 ἡμῖν
1286 1711 1402 1794 φαῦλοι

315 1806 596 1893 ἐπιψηφισαμένου
614 1809 733 1890 μηδένς
752 1800 782 1870 τί
801 1809 857 1891 τῆς
877 1810 911 1872 ἐν
930 1802 1006 1892 ἡμῖν
1023 1806 1261 1893 δυσαισθησίας
1286 1807 1346 1893 (μή
1359 1833 1402 1891 μοι

317 1909 353 1973 ot
372 1908 490 1990 γίνοιτο
516 1907 572 1970 καί
599 1900 814 1992 ἀναισθησίας
842 1909 956 1994 εἰπεῖν)
982 1911 1017 1972 ἑν
1044 1912 1089 1995 τῷ
1108 1907 1153 1990 μη
1181 1906 1220 1971 τοὶ
1248 1905 1341 1972 αἴτια
1361 1911 1428 1970 κοίιᾶ

316 2007 582 2090 κατασκέψασθαι
603 2008 658 2071 καί
678 2009 712 2070 ἐκ
732 2008 837 2070 ποδοῖν
855 2002 1063 2093 ποιήσασθαι,
1085 2009 1143 2092 ἀφ’
1163 1999 1210 2072 οἷν
1232 2007 1315 2091 ἡμίν
1329 2031 1404 2072 κατε·

315 2111 441 2191 βρέχθη
475 2107 625 2188 reporimus
658 2107 763 2185 κακοί,
785 2107 826 2170 δι’
859 2097 904 2170 ds
924 2108 1172 2191 &evaporationes
1201 2105 1328 2190 πληγεὶς
1351 2111 1403 2171 εἰει

317 2207 469 2290 τρίβημον
488 2201 589 2290 ἅσπερ
614 2205 671 2270 οίκ
692 2201 733 2270 civ
753 2206 824 2269 οὐδ’
849 2208 894 2282 εἰς
914 2203 1058 2293 μακροιῖς
1079 2204 1250 2283 ἒνιαυτούς
1269 2206 1404 2292 α’τιαλθη-

319 2301 458 2388 σδμεθιι.

404 2403 480 2470 Eius*
498 2407 534 2469 dd
554 2408 655 2470 ταῦτα
680 2397 733 2491 (ori
754 2405 814 2492 γὰρ
844 2406 966 2491 ὀκνήσω
986 2405 1040 2471 καί
1061 2406 1156 2470 πάλιν
1179 2407 1215 2471 τὸ
1242 2411 1303 2472 τοῦ
1323 2409 1433 2490 λόγωι]

319 2503 543 2587 χαρισάμενος
568 2497 700 2590 ἄροτρον
731 2505 930 2592 α’ναιιολῆσαι
960 2504 1017 2590 την
1037 2513 1103 2571 κατ’
1123 2509 1182 2588 ἐμὲ
1201 2507 1405 2590 πνευματικὴν

321 2603 441 2689 ταύτην
460 2607 519 2688 γῆν
539 2609 594 2668 καί
612 2604 667 2669 τίν
686 2611 776 2670 θεῖον
795 2603 933 2689 σπόρον,
953 2605 997 2683 ὥς
1030 2603 1187 2684 εἴθισται,
1209 2611 1405 2692 καταβαλεῖν)

324 2701 356 2768 οἱ
376 2701 515 2789 φθόνοι,
544 2702 578 2768 τό
611 2703 827 2790 πρεσβύτατον
860 2704 975 2791 κακόν,
1001 2707 1118 2772 τὸτοῦ
1140 2712 1314 2774 καλλίστου
1335 2711 1405 2788 {dos

322 2955 368 3008 dei
385 2956 511 3010 adversus
536 2973 587 3011 uos
606 2958 692 3021 irem,
710 2957 758 3012 aed
784 2959 882 3012 elatam
900 2961 1055 3014 etiamnunc
1082 2970 1264 3032 paratamque
1283 2979 1342 3016 erse
1360 2979 1406 3012 ana-

322 3044 388 3080 num
406 3031 464 3081 eius
492 3027 527 3080 ad
545 3030 755 3099 prosternendos
775 3047 834 3084 nos.
869 3049 925 3084 non
951 3033 1090 3086 audiemus
1112 3043 1221 3096 autem,
1238 3036 1318 3086 irasci
1339 3035 1406 3086 nobis

323 3096 419 3162 deum,
445 3099 468 3151 si
480 3101 607 3174 ,restituti
626 3102 731 3154 erimus
766 3102 902 3155 restitutio
921 3111 1012 3156 autern
1031 3105 1101 3166 erit,
1119 3105 1143 3156 si
1163 3105 1350 3176 relinquamus
1373 3105 1407 3154 ri·

322 3177 379 3222 tsus
402 3171 555 3234 scelestam,
573 3180 685 3242 propter
709 3187 790 3242 quum
809 3174 861 3226 ista
883 3174 964 3226 nobis
989 3173 1153 3227 acciderunt.
1191 3170 1313 3246 namque
1330 3175 1408 3230 nemi-

323 3255 386 3293 nem
403 3240 481 3294 sallat
499 3259 574 3294 mens
592 3243 633 3294 sui
652 3243 795 3305 amantior,
815 3260 847 3295 ao
867 3245 889 3295 si
908 3246 1041 3297 immerito
1062 3245 1153 3299 afflicti
1172 3246 1317 3300 fuerimus.

412 3313 512 3364 Primus
531 3329 593 3381 ergo
614 3315 672 3384 ipre
698 3315 785 3366 oculis
809 3314 980 3367 obuersantia
995 3325 1171 3387 peccatorum
1191 3333 1315 3370 meorum
1337 3317 1408 3368 docu-

274 3420 279 3435 .
324 3391 416 3434 mente
434 3393 541 3452 reputo,
561 3394 643 3454 atque
661 3386 777 3456 supplex
795 3402 858 3454 rogo
870 3385 951 3438 deum
964 3387 1173 3450 misericordem,
1195 3399 1223 3441 et
1241 3387 1409 3458 quodammo-

325 3452 360 3506 do
380 3470 395 3504 a
414 3455 518 3506 iustitia
542 3454 577 3506 ud
594 3459 705 3520 gratiam
723 3473 848 3526 provoco,
869 3457 972 3528 quippe
1003 3459 1050 3528 qui
1069 3458 1216 3510 subsistere
1235 3475 1376 3529 nequeam,
1392 3457 1410 3506 si

326 3523 424 3576 delicta
446 3525 571 3594 respiciat
591 3526 665 3578 deus.
684 3525 813 3579 mutando
829 3528 913 3596 igitur
931 3538 972 3580 est
987 3545 1063 3582 meus
1081 3547 1163 3601 quam
1181 3531 1323 3582 citissime.
1343 3545 1410 3580 nam·

326 3611 380 3665 que
396 3595 540 3664 plerique,
567 3605 597 3648 ut
616 3597 696 3650 video
711 3635 719 3662 ‚
737 3596 859 3650 nondum
879 3598 982 3669 experti
1001 3616 1091 3652 sumus
1118 3603 1299 3654 mutationem
1319 3602 1411 3651 saints·

328 3683 393 3718 rom.
415 3683 450 3718 au
469 3665 557 3718 dicere
570 3667 730 3721 audebimus
751 3677 804 3720 “en
822 3686 872 3720 nos
889 3687 994 3721 rursus:
1018 3672 1079 3740 quis
1100 3676 1142 3723 est
1162 3671 1289 3724 dominus
1303 3670 1412 3725 τουτωί

326 3738 379 3788 acsi
402 3753 481 3789 nemo
506 3739 591 3805 possit
618 3740 700 3791 uilius
727 3757 775 3792 nos
799 3742 904 3808 peccati
935 3741 1065 3808 arguere?
1099 3760 1151 3794 vae
1170 3742 1319 3794 surdastrae
1338 3740 1411 3810 (absit

327 3816 359 3860 ut
377 3807 464 3860 dicere
485 3807 598 3860 debeam
620 3810 723 3880 surdas)
743 3827 819 3862 aures
838 3819 949 3866 nostras.
972 3811 1045 3880 quod
1066 3829 1124 3864 non
1144 3815 1277 3866 sentimus
1296 3829 1409 3864 remove-

325 3893 440 3948 musque
460 3897 566 3943 causas,
597 3881 669 3932 uude
689 3881 850 3933 fulmineis
868 3899 918 3932 nos
946 3881 1056 3950 delapsa
1075 3892 1140 3935 sunt
1158 3883 1302 3946 terribilia,
1318 3882 1410 3952 quibus

326 3949 435 4000 contriti
455 3959 482 4000 et
510 3951 597 4020 plagis
613 3953 703 4004 afflicti
729 3967 835 4013 sumus,
855 3968 920 4021 quas
938 3971 973 4005 na
994 3953 1140 4005 multorum
1159 3953 1270 4026 quidem
1288 3967 1408 4006 annorum

326 4020 414 4088 spatio
432 4037 541 4088 prorsus
563 4039 656 4074 sanare
675 4024 833 4091 poterimus.

397 4091 467 4144 Sunt
486 4097 575 4143 autem
594 4094 695 4164 (neque
716 4095 787 4146 enim
805 4091 961 4156 cunctabor,
981 4093 1111 4146 orationis
1131 4112 1221 4146 rursus
1240 4103 1356 4146 aratrum
1373 4107 1406 4140 ca·

327 4170 446 4228 persons,
466 4161 538 4214 huno
559 4179 648 4214 meum
666 4180 756 4232 agrum
778 4164 946 4234 spiritualem
967 4179 1051 4228 arare,
1071 4171 1099 4216 et
1117 4181 1220 4224 semen.
1240 4174 1270 4217 ut
1288 4163 1405 4216 solebam

327 4229 446 4283 eoeleste
458 4234 557 4304 serere)
577 4249 673 4287 causae
689 4235 754 4288 iilae
774 4234 888 4299 invidia,
906 4233 1008 4287 malum
1018 4236 1241 4300 vetustissimum,
1253 4245 1281 4288 et
1295 4231 1405 4286 animatia
