2932 4892
242 315 267 391 ο
464 384 470 396 ,
542 300 718 412 [cuorus
749 267 1039 427 diluuium]

324 473 456 565 Εἰρηταρ
480 478 515 541 δὲ
535 473 598 538 aiud
620 478 678 540 τοῦ
689 475 767 538 θεοῦ
788 473 823 540 τό
848 476 937 538 “idun
957 472 1065 554 Ἀδάμ
1085 475 1209 556 γέγονεν
1229 471 1272 548 uic
1292 467 1338 548 εἰς

240 579 273 655 ἐξ
295 579 384 660 η’μτῦιι
406 577 466 638 τοῦ
473 575 646 667 Ιφινιόσκειν
673 572 769 642 uuidar
799 577 855 637 καί
886 571 1043 658 κονηρόν”
1064 566 1132 654 'orig
1156 571 1201 646 nic
1221 572 1355 654 πρυκό-.

240 696 360 756 ψαντος
383 675 484 740 αὐτοῦ
505 673 558 740 διά
587 677 643 756 τῆς
665 673 831 748 ἀπειθείας
862 673 917 739 ε’πί
937 671 996 756 τὴν
1015 673 1072 757 τῆς
1092 671 1206 756 α’ρετῆς
1227 694 1261 734 τε
1281 674 1338 735 καί

239 776 348 852 κακίας
365 778 489 858 γνοῦσιν,
513 777 580 839 ἀλλ’
601 774 644 852 εἰς
664 769 806 851 τ-οφῦτου
828 775 862 850 ἐξ
880 767 982 858 ἀρχῆς
1002 774 1204 845 πλασθέντας.
1247 769 1337 856 φθά-

240 901 324 940 σασα
344 873 404 958 μάρ
426 871 512 940 εἶπεν
533 873 552 958 ἦ
575 875 681 960 γραφη
705 869 755 938 ότι
776 871 921 958 ἐποίησεν
943 869 959 935 ὁ
978 871 1055 947 θεός
1076 872 1131 937 τόν
1151 865 1362 954 virdumarum

239 979 307 1038 κατ’
327 972 431 1041 εἰκόνα
451 979 530 1040 θεοῦ
550 973 695 1058 ἐποίησεν
716 972 843 1038 αῦτόνμ
867 969 883 1036 ό
906 975 941 1038 di
963 976 1117 1047 πλασθείς
1136 976 1205 1035 κατ’
1228 967 1336 1034 εἰκόνα

238 1081 316 1142 θεοῦ
332 1080 425 1158 δῆλον
447 1075 490 1152 εἰς
505 1075 840 1158 προκαταβεβλημένην
860 1066 944 1156 εἶχεν
965 1075 999 1137 ἐν
1011 1077 1050 1158 τῇ
1065 1071 1160 1156 φάσει
1174 1067 1233 1154 τόν
1254 1072 1334 1152 γνῶ·

238 1202 290 1243 σιν
311 1180 369 1242 τοῦ
389 1179 488 1240 καλοῦ
509 1197 542 1239 τε
563 1176 618 1238 καί
639 1177 697 1237 τοῦ
719 1174 866 1258 πονηροῦ.
909 1170 960 1236 διό
984 1171 1036 1236 ἵνα
1055 1173 1099 1255 μη’
1120 1175 1167 1258 τῇ·
1182 1171 1334 1250 αιίτεξον-

146 1309 148 1316 *
238 1275 356 1361 σιότητι
375 1277 565 1362 κεχρημένος
594 1272 756 1359 μεταλάβῃ
786 1277 844 1337 τοῦ
863 1273 916 1356 τῆς
948 1272 1030 1354 ζωῆς
1052 1268 1148 1348 ξόλου
1170 1273 1226 1334 καί
1243 1273 1335 1354 γίνη-

237 1401 291 1440 ται
314 1374 405 1450 κακός
439 1371 618 1454 α’θάνατος,
642 1372 796 1458 ἐξεβλήθη
817 1370 878 1437 σόν
910 1374 950 1459 τῇ
962 1367 1038 1460 Ἔαρ
1060 1373 1106 1445 εἰς
1127 1369 1185 1453 τόν
1202 1370 1259 1454 γῆν
1279 1373 1334 1451 τῆς
1346 1391 1382 1444 10

236 1477 364 1548 κτίσεως
397 1474 509 1538 ου’τοῦ.
563 1476 597 1538 τί
611 1473 671 1555 γάρ
701 1470 784 1553 μετοί
814 1478 914 1537 ταῦτα
946 1469 1050 1537 πάντα
1072 1471 1092 1555 ἦ
1112 1472 1187 1536 θεία
1207 1467 1335 1557 γραφάς

236 1577 312 1638 “nui
332 1576 544 1650 ἐξαπέστειλεν
568 1569 664 1637 αότόν
677 1572 787 1656 κόριος
808 1570 824 1636 ό
845 1571 920 1645 θεός
934 1574 968 1636 ἐκ
982 1575 1039 1635 τοῦ
1057 1569 1255 1655 παραδείσου
1277 1572 1335 1650 τῆς

215 1673 358 1758 ’τροφῆς
379 1671 569 1754 ἐργάζεσθαι
589 1670 647 1754 τὴν
667 1673 733 1754 γῆν,
756 1669 787 1749 ἐξ
809 1666 847 1754 ἧς
870 1667 1014 1756 ἐλήφθη·
1057 1661 1112 1735 καί
1131 1672 1259 1752 ἐξέβαλε
1282 1666 1336 1731 τόν

235 1771 345 1852 Ἀδάμ,
367 1771 422 1834 καί
445 1767 611 1858 κατῴκισεν
632 1769 731 1835 αὐτόν
752 1771 904 1836 ἀπέναντι
924 1772 981 1854 τῆς
1002 1771 1125 1858 τροφῆς
1147 1773 1206 1834 τοῦ
1225 1793 1336 1850 παρα-

237 1875 361 1955 δείσου,
394 1873 449 1934 καί
476 1867 563 1948 ἔταξε
594 1868 633 1934 τό
658 1873 815 1952 χερουβίμ
847 1869 901 1933 καί
918 1869 977 1954 τὴν
1000 1875 1149 1956 φλογίνην
1170 1871 1336 1955 ῥομφαίαν
1348 1879 1382 1932 15

143 1983 146 2036 J
236 1969 295 2054 την
315 1974 528 2054 στρεφομένην
551 1965 727 2053 φυλάσσειν
749 1968 808 2053 την
827 1969 903 2033 <idcir
921 1973 981 2035 τοῦ
1001 1968 1096 2049 ξόλοιι
1120 1972 1174 2054 τῆς
1195 1969 1305 2052 ζωῆς.”

323 2071 419 2134 Μετὰ
450 2069 484 2134 τό
508 2051 700 2154 ἐκβληθῆναι
728 2068 783 2134 τόν
811 2063 990 2153 άνθρωπον
1009 2067 1071 2148 ε”ξω
1095 2073 1152 2134 τοῦ
1174 2069 1336 2150 μακαρίον

235 2173 357 2254 χωρίου
379 2165 616 2254 α’καταμόχητοι
638 2169 776 2254 φρουροί
802 2173 857 2233 καί
877 2171 949 2234 λίαν
970 2165 1141 2254 ῦπὲροπτοι
1165 2165 1338 2254 φυλάττειν

239 2270 295 2353 τὴν
317 2267 392 2334 ὁδόν
410 2275 469 2335 τοῦ
488 2266 583 2347 ’ξύλου
597 2272 653 2351 τῆς
676 2272 757 2352 ζωῆς
777 2270 970 2352 ἐτάχθησαν,
990 2269 1033 2345 ὥς
1045 2271 1168 2352 μηδένα
1190 2269 1246 2332 τοῦ
1267 2271 1338 2328 λοι-

239 2373 301 2434 ποῦ
321 2367 443 2452 ἰσχύειν
472 2375 641 2451 παρελθεῖν
672 2368 746 2432 ποσί
762 2367 908 2453 βεβήλοις
934 2371 980 2443 εἰς
1003 2371 1117 2434 ἐκεῖνον
1148 2367 1205 2432 τόν
1228 2363 1384 2432 vinomo
1462 2406 1464 2416 ›

238 2465 294 2534 ’καί
314 2468 375 2554 γάρ
398 2468 543 2552 μάχαιρα
560 2471 690 2554 φλογίνη
709 2469 804 2553 ἐτέθη
825 2471 893 2533 ε’κεῖ
902 2471 957 2533 ε’πί
974 2472 1018 2556 τῷ
1039 2455 1096 2533 τόν
1113 2465 1337 2551 πλησιάζοντα,

240 2573 272 2644 ἐξ
292 2567 369 2653 ῦλης
390 2569 584 2650 ὑπάρχοντα,
608 2571 687 2650 πυρί
709 2567 899 2652 φλεγόμενον
934 2570 1163 2632 ἀναλίσκεσθαι
1176 2559 1335 2645 ,παραυτά

240 2672 294 2733 καί
313 2669 523 2732 α’πόλλυσθαι.
575 2673 747 2752 στρέφεται
779 2669 815 2733 δὲ
844 2667 1053 2755 ἦρομφαία,
1073 2671 1126 2732 ἳνα
1149 2667 1184 2732 ἐν
1208 2668 1247 2752 τῇ
1272 2687 1337 2728 τια-
1382 2707 1383 2714 1

751 2773 762 2804 ι

309 2852 353 2906 20.
374 2855 414 2912 εις
432 2869 475 2903 om
497 2851 517 2902 c
539 2853 556 2902 r.
577 2867 600 2902 ε.
621 2849 706 2904 curuo
729 2851 897 2904 cumeum.
977 2851 1020 2904 21.
1031 2837 1089 2922 ἠν]
1110 2845 1140 2904 τε
1162 2849 1183 2900 c

311 3005 418 3056 Dictum
439 3011 480 3056 eat
499 3021 513 3054 a
534 3003 599 3056 deo:
622 3013 703 3055 “ecce
722 3005 839 3058 Ariamus
860 3005 945 3057 facins
973 3013 1014 3056 est
1034 3011 1065 3056 ut
1085 3012 1205 3058 nostrum
1223 3001 1336 3072 aliquia,
1416 2996 1419 3007 ’

242 3077 280 3128 ita
297 3084 328 3127 ut
344 3083 487 3143 cognoseat
507 3074 606 3126 bouum
625 3077 804 3145 malumque,''
823 3095 878 3128 nou
898 3093 953 3147 quo
974 3093 1016 3138 εο,
1036 3075 1109 3144 quod
1128 3091 1182 3124 uon
1202 3067 1335 3124 obediens

242 3147 304 3210 suit,
322 3148 428 3198 virtutis
456 3155 484 3197 ct
502 3147 609 3197 sceleris
637 3149 818 3214 cognitionem
845 3157 940 3200 nactus
960 3155 1044 3209 essct,
1066 3145 1113 3197 sed
1133 3146 1197 3214 quia
1218 3144 1280 3195 iulia
1300 3142 1335 3192 ab

242 3219 321 3270 initio
341 3217 470 3268 formatus
490 3225 547 3268 erat
590 3235 669 3286 supra
684 3219 755 3269 enim
774 3217 845 3270 dixit
857 3218 958 3270 biblia:
977 3219 1099 3268 “creavit
1115 3217 1250 3266 hominem
1268 3213 1336 3264 deus

243 3297 271 3340 et
289 3288 389 3339 creavit
406 3286 441 3338 ad
459 3287 511 3338 dei
539 3290 706 3339 marinam?
751 3289 879 3341 formatus
908 3296 999 3340 autem
1029 3305 1111 3360 quum
1140 3287 1222 3337 scierit
1241 3281 1274 3335 ad
1290 3283 1334 3335 dei

242 3361 394 3427 imaginem,
425 3367 546 3428 apertum
569 3307 617 3421 eal,
635 3360 742 3412 insitam
769 3360 802 3412 ab
823 3361 901 3412 initio
921 3360 978 3411 eiua
997 3369 1111 3410 naturae
1130 3357 1195 3408 boni
1214 3355 1336 3426 malique

242 3431 422 3498 cognitionem
443 3430 535 3482 fuisse.
571 3447 652 3499 quare
666 3449 700 3482 na
718 3429 845 3483 libertate
864 3431 1080 3494 memorialem
1099 3427 1220 3480 arborem
1239 3425 1336 3490 adiret,

243 3503 373 3572 fieretque
395 3501 481 3552 malua
500 3501 666 3565 immortalis,
685 3503 813 3571 expulsus
842 3513 883 3556 εει
901 3520 960 3554 cum
979 3503 1034 3554 Eva
1051 3503 1079 3551 in
1098 3501 1232 3566 regionem
1254 3515 1337 3568 quarn

242 3574 390 3638 incolerct3
411 3571 477 3641 quid
498 3573 570 3624 enim
599 3581 661 3640 post
688 3573 754 3623 haec
779 3574 869 3624 omnia
897 3589 976 3624 sacra·
999 3570 1146 3640 scriptura?
1180 3577 1228 3620 “ei
1245 3568 1338 3620 cmialt

244 3663 304 3695 num
324 3643 390 3695 dcua
407 3643 532 3694 dominus
554 3660 586 3694 ex
600 3643 724 3711 paradiso
743 3644 921 3712 voluptatum,
943 3651 973 3695 ut
985 3651 1081 3694 terram
1101 3643 1210 3702 coleret,
1230 3656 1264 3690 ex
1282 3655 1337 3708 qua

242 3722 364 3783 sumptus
386 3721 452 3778 erat,
470 3723 498 3764 et
516 3716 629 3766 extrusit
643 3715 773 3770 Adamum
785 3713 914 3798 deditque
928 3713 1090 3768 domicilium
1110 3711 1203 3782 procul
1221 3728 1236 3760 ο
1256 3711 1338 3761 volu-

243 3784 364 3854 piaiibua'
382 3785 519 3854 paradisi.
547 3793 574 3834 et
591 3785 729 3836 cherubim
748 3785 908 3849 collocavit,
927 3783 1099 3853 gladiumque
1119 3783 1269 3834 flammeum
1288 3780 1336 3852 qui

244 3855 470 3923 circumagebutur
488 3856 520 3905 nd
534 3857 608 3906 'viam
627 3858 717 3908 vitalis
737 3855 839 3908 arboris
860 3855 1073 3908 custodiendum.

313 3927 431 3996 Expuleo
449 3943 483 3976 ex
501 3927 580 3978 selice
599 3928 706 3994 regione
733 3926 842 3978 homine
860 3927 952 3978 invicti
972 3935 1000 3977 ει
1025 3919 1224 3992 vigilantissimi
1243 3927 1336 3971 custo.

244 3999 291 4051 dea
313 3997 347 4048 ud
373 3996 571 4050 defendendam
597 3998 686 4050 vitalis
712 3997 814 4050 arboris
845 4000 913 4048 vium
939 4005 1002 4050 aunt
1025 3997 1166 4056 collocuti,
1198 3999 1229 4043 ut
1255 4007 1337 4042 nemo

242 4073 423 4138 inposterum
443 4069 476 4120 ad
495 4070 571 4120 ilium
590 4071 679 4120 lucum
697 4069 817 4137 proiauia
837 4068 953 4137 pedibus
971 4068 1098 4120 accedere
1123 4072 1221 4134 posset.
1258 4079 1337 4111 nam·

242 4152 301 4209 que·
314 4139 450 4190 flammans
471 4139 574 4207 gladius
592 4138 630 4191 ibi
649 4141 751 4208 positus
765 4148 814 4198 eat,
832 4149 870 4202 ut,
889 4140 911 4190 εἰ
930 4140 991 4207 quis
1010 4156 1025 4189 ε
1044 4145 1117 4190 terra
1136 4137 1221 4186 suctus
1237 4148 1337 4201 appro-

241 4211 420 4282 pinquaverit,
436 4212 490 4280 igni
508 4221 679 4264 consumatur
697 4211 833 4282 extemplo
851 4219 879 4264 ci
898 4210 1021 4264 iniereat.
1044 4207 1230 4276 circumagitur
1246 4211 1337 4255 aulem
