2838 4902
208 331 267 394 uu·
279 328 584 398 nuusstuomcn
603 332 632 396 a
650 335 808 399 astruis
828 329 973 398 centn.
1058 319 1134 396 409

60 484 190 568 δρσνιλιου
211 477 423 562 ὀρθούμενοι,
461 457 495 546 bi
515 488 620 565 χεῖρες
650 483 758 558 αὐτοῖς
789 477 834 558 oie
853 482 899 558 alc
919 477 997 546 θεὸν
1015 477 1135 545 dranci.

59 601 135 646 νοντα
154 580 208 645 καί
226 577 437 644 &assidaeos
455 577 510 646 ἐπὶ
527 589 592 657 τοῖς
616 583 735 658 adroic.
781 580 799 644 si
826 582 862 646 δὲ
883 577 1136 662 κατορθούμενον

59 673 111 763 ήδη
132 681 252 760 βλέπων
274 677 310 742 τὸ
334 679 462 764 ε’φετόν,
493 676 584 745 ἔνδον
610 683 669 761 μὲν
700 675 752 747 οἷα
781 677 921 762 ἔπασχεν
942 671 1002 762 da,
1020 674 1074 740 καὶ
1092 675 1136 752 ὥς

58 775 175 861 ἔχαιρεν
207 775 384 861 α’μάθητα,
403 775 450 854 τίς
482 779 539 843 usis
561 773 602 842 άν
622 777 831 864 τεκμήραιτο;
858 776 898 842 τά
919 780 1027 858 μέντοι
1047 773 1135 852 ἐκτὸς

38 869 150 952 adilane
182 873 319 959 ἔχρωζον
350 872 488 962 ἑαυτόν,
513 876 568 941 καί
590 876 692 942 ἐδόκει
712 876 757 961 μή
782 872 822 941 άν
837 881 947 962 φέρειν
965 875 1047 960 μηδὲ
1067 876 1134 958 ζήν,

57 977 84 1040 εἰ
99 979 228 1040 τοιαῦτα
264 976 376 1040 duodus
401 976 457 1042 καί
475 976 519 1053 οὖς
537 979 584 1053 εἷς
603 977 753 1042 ἀπιστίαν
771 973 968 1060 γυμνάζοιτο.
1010 977 1066 1038 καί
1085 969 1134 1050 τάς

56 1074 118 1156 ἐμά,
134 1073 229 1158 ἔλεγε,
250 1073 306 1138 aad
325 1079 392 1152 πῶς
413 1070 454 1142 άν
476 1078 647 1161 δυναίμην,·
667 1076 722 1140 καί
742 1075 786 1152 nic
806 1081 996 1162 φευξοῦμαι,
1016 1071 1071 1138 aaa*
1090 1068 1134 1148 uic

55 1174 227 1257 μεταστήσω
247 1173 308 1240 τοῦ
325 1177 420 1257 βιοῦν
441 1172 587 1261 ἐμαυτόν,
608 1177 639 1240 εἰ
659 1176 704 1258 μή
727 1176 872 1261 α’φίιμαι.
915 1173 970 1240 καὶ
997 1171 1132 1258 ἑρράτιι.

56 1274 102 1350 ζεν
121 1269 235 1338 ἑαυτὸν
262 1277 318 1339 καί
350 1283 420 1351 ταῖς
439 1278 545 1357 θριξὶν
571 1272 718 1360 desidiosis
751 1277 806 1340 καί
825 1277 986 1358 πολλαχοῦ
1005 1276 1132 1350 εἰλεῖτο,

24 1373 144 1436 lodosiis
166 1375 227 1453 μὲν
239 1376 370 1439 ,ἐθέλειν
391 1377 552 1440 διδιιδυσιν
572 1375 616 1449 οδε
638 1379 682 1452 εἰς
706 1375 824 1461 φυγήν,
844 1371 954 1450 deducit
974 1375 1010 1438 dd
1030 1367 1133 1448 άλλως

53 1472 138 1535 τόπον
158 1475 244 1560 χαρᾷ
276 1473 330 1537 καὶ
363 1476 474 1556 γέλωτι
505 1471 679 1560 λεληθότως
708 1473 742 1539 ἐν
761 1480 805 1562 τῷ
825 1477 971 1560 στρέφειν
992 1464 1057 1538 τάδε
1078 1475 1134 1547 κατ’

52 1571 111 1634 εἰιεῖ
127 1569 162 1636 τὸ
187 1569 365 1657 πρόσωπον,
384 1571 490 1650 ὁποῖος
511 1575 638 1658 ἐκεῖνος,
659 1573 694 1640 τά
715 1574 933 1659 περιπόνηρον.

119 1670 171 1748 Ὡς
200 1675 236 1736 dd
265 1669 322 1758 τήν
348 1671 464 1757 σκηνήν
498 1672 613 1760 ταύτην
647 1674 871 1758 συμπήξεοθαι
900 1670 1133 1756 τεχνασάμενος

52 1769 281 1854 ι’σφαλὲστερον
316 1770 568 1857 προσεποιήσατο
603 1773 802 1858 πλασάμενος
833 1777 889 1840 καί
906 1777 965 1839 τοῦ
984 1773 1131 1862 ὑπερῴου

22 1872 204 1951 λογενὲοθαι,
241 1869 276 1935 εἴ
292 1895 359 1946 πως
379 1866 464 1937 οὕτω
489 1875 645 1959 φαντάσει
672 1873 746 1951 τούς
768 1871 913 1957 πολλούς,
933 1871 977 1950 ὦς
995 1874 1133 1956 ὑπερθέ-

49 1989 132 2044 μενος
152 1967 211 2052 τήν
230 1971 430 2054 ἐνεστηκυῖαν
452 1967 539 2056 σάρον
560 1978 722 2058 φευξεῖται
744 1980 814 2057 μετ’
836 1973 1011 2059 αὐτήνκαὶ
1030 1976 1131 2039 α’παλ-

50 2065 209 2150 λαγήσεται
233 2074 293 2134 τοῦ
315 2073 577 2157 δχλοκοπεῖσθαι,
608 2071 639 2137 οἱ
672 2069 801 2151 κόλακες
836 2073 1043 2154 ε’ντεινάμενοι
1072 2073 1132 2158 τήν

50 2164 196 2244 ἁρμονίαν
216 2176 272 2234 τοῦ
302 2172 401 2254 λήρου
423 2172 467 2245 εἰς
492 2166 563 2237 ὅσον
588 2176 682 2238 πλέον
712 2164 1021 2260 antinomatice
1047 2165 1130 2257 ήραν

49 2263 97 2328 καί
123 2266 269 2352 φυλακάς
302 2272 468 2335 ε’πὲταττον
496 2269 552 2335 καί
571 2270 777 2358 συντηρήσεις
802 2275 867 2338 sats
887 2276 954 2338 ἐκεῖ
971 2271 1131 2356 διεξόδων,

18 2368 96 2434 istaut*
123 2369 330 2452 διηποροῦντο
360 2372 395 2434 at'
420 2363 459 2433 άν
489 2373 542 2436 κατ’
559 2377 687 2456 γένοιτο.
732 2374 787 2438 καὶ
806 2372 824 2438 o‘
845 2371 1041 2458 πατριάρχης
1062 2375 1130 2438 ἐπι·
1240 2405 1242 2410 ·

50 2464 190 2543 λυόμενος
211 2469 319 2542 ου’τοῖς
347 2469 381 2532 τὸ
407 2463 551 2553 ἄπορον,
575 2471 618 2566 ᾡς
638 2471 729 2555 ήμεῖς
747 2477 803 2538 καί
822 2473 893 2538 τότε
916 2472 1131 2554 μανθάνοντες

50 2563 195 2646 cyclopas
217 2569 273 2632 καί
290 2571 346 2633 νῦν
367 2571 402 2634 δὲ
422 2567 466 2636 ἔτι
488 2575 638 2654 γελῶμεν,
659 2573 879 2662 ααριρδοῧνεες
901 2577 1030 2650 ἕκαστος
1053 2568 1130 2636 iao.

49 2853 185 2912 Andronici
204 2865 418 2927 assurrexissent,
437 2882 532 2919 manus
542 2874 669 2938 tanquam
679 2868 715 2920 ad
725 2868 805 2922 deum
814 2867 1024 2941 protendebant,
1037 2885 1130 2938 opem-

49 2943 94 2994 que
110 2930 293 3000 implorabant
311 2937 369 3005 pari
382 2937 509 2990 consilio.
546 2938 594 2990 ille
612 2957 676 2993 veru
697 2958 779 3012 quum
797 2941 852 2993 iam
869 2941 963 2994 adesse
981 2941 1042 3003 sibi,
1057 2940 1131 3011 quod

49 2999 163 3066 petebat,
181 3002 295 3067 videret,
315 3011 388 3058 intus
410 3025 480 3078 quae
499 3011 614 3062 senserit
635 3018 664 3063 et
681 3021 850 3082 quantopere
876 3013 981 3082 gavisus
999 3014 1048 3076 sit,
1070 3014 1130 3081 quis

48 3083 96 3120 uun
109 3075 282 3142 suspicetur?
300 3079 416 3146 speciem
428 3087 517 3132 tamen
533 3079 664 3134 diversam
678 3082 818 3148 induebat,
832 3082 1029 3154 videbaturque
1047 3084 1131 3153 ipsam

49 3139 110 3191 adeo
136 3143 218 3196 vitam
248 3163 327 3214 aegre
346 3149 432 3213 ferre,
457 3151 478 3201 si
503 3151 569 3202 talia
587 3153 694 3206 audiret
711 3163 739 3206 et
757 3155 910 3207 incredibili
930 3156 1033 3211 scilicet
1049 3152 1131 3206 modo

50 3224 228 3268 exerceretur:
258 3220 317 3286 quia
337 3236 403 3287 ego,
424 3221 583 3292 inquiebat,
602 3232 631 3275 et
656 3226 791 3295 quomodo
810 3227 883 3279 istud
902 3223 1021 3294 possim!
1039 3223 1132 3292 lugere

49 3281 132 3364 malim
163 3295 192 3339 et
219 3289 302 3340 vitam
322 3289 480 3360 deponere,
506 3293 559 3344 nisi
577 3294 707 3348 dimittar.
752 3313 782 3346 ac
801 3298 980 3367 plangebatur
998 3302 1026 3347 et
1045 3297 1132 3346 crines

50 3354 184 3434 scandebat
201 3366 229 3410 et
248 3362 321 3410 varie
341 3379 369 3414 se
389 3363 517 3427 iactabat,
536 3365 627 3432 sugam
646 3383 675 3418 sa
693 3383 823 3436 quaerere
840 3367 978 3429 simulans,
1000 3364 1046 3416 aad
1067 3383 1132 3434 gau·

50 3421 90 3472 dro
106 3427 179 3480 intus
197 3439 226 3481 et
245 3429 350 3483 laetitia
362 3436 507 3498 exsultans,
527 3435 590 3486 dum
607 3436 659 3488 huo
676 3439 751 3502 illuc,
772 3455 826 3507 qua
843 3447 900 3491 erat
917 3438 1045 3499 versutia,
1065 3453 1131 3489 ocu-

49 3491 85 3545 los
102 3501 183 3550 vertit
202 3501 374 3555 execrandos.
932 3564 934 3571 s

113 3569 206 3640 Quum
234 3581 340 3637 autem,
365 3574 569 3628 tabernaculum
594 3577 664 3629 illud
693 3595 748 3648 quo
770 3580 871 3632 firmius
898 3579 1085 3640 constitueret,
1102 3578 1131 3629 iu

49 3641 208 3705 superiorem
239 3643 346 3696 aedium
365 3655 468 3714 partem
494 3664 523 3699 ae
544 3649 658 3700 evadere
680 3649 842 3713 simulasset,
862 3651 885 3702 si
906 3651 975 3702 forte
992 3649 1029 3700 ita
1048 3649 1130 3699 falle-

50 3715 87 3789 ret
101 3711 226 3778 plebem,
247 3717 300 3766 acsi
326 3719 521 3786 praestolatus,
547 3719 610 3771 dum
638 3720 798 3784 effluxisset,
817 3738 887 3792 quae
906 3718 1032 3782 instabat,
1052 3719 1153 3782 hora„

49 3774 142 3858 (letarde
162 3787 277 3852 effligere
295 3788 381 3839 vellet
397 3791 554 3842 vexationes
572 3790 670 3860 plebis,
694 3790 846 3845 adulatores
866 3792 1065 3845 vehementiora
1079 3807 1129 3842 vo·

48 3848 206 3905 crierationis
224 3866 375 3919 concentu,
396 3859 516 3912 utnibil
539 3871 632 3930 posset
655 3879 751 3932 supra,
774 3864 844 3916 vires
873 3861 1065 3925 intendebant,
1090 3863 1129 3912 vi·
1166 3888 1169 3897 ·

48 3918 117 3999 qilias
136 3925 316 3998 custodesque
336 3929 519 4000 disponebant
537 3933 566 3984 in
593 3932 701 3985 aedium
732 3935 829 4002 portis,
847 3942 929 4006 atque
947 3933 1056 3984 solliciti
1075 3933 1130 3983 sci-

46 3987 105 4042 licet
122 3997 324 4064 exspectabant,
348 4000 414 4071 quid
433 4002 551 4054 futurarm
567 4011 648 4055 esset.
686 4021 737 4076 qua
756 4005 820 4057 illos
840 4003 1115 4075 ‹lillicultatepatriar

47 4057 90 4110 cha
108 4068 233 4131 exsolvit,
253 4079 284 4121 ut
302 4087 343 4122 res
365 4081 393 4124 et
410 4081 476 4124 tunc
492 4073 573 4126 uobis
592 4075 685 4126 audita
703 4077 767 4126 risui
790 4077 874 4129 suerit
891 4085 920 4128 et
939 4075 1003 4127 risui
1025 4075 1061 4126 sit
1076 4073 1131 4126 ho-

46 4128 100 4194 die,
119 4137 183 4189 elsarn
201 4156 294 4192 omues
307 4141 359 4194 sibi
378 4144 505 4196 accinunt
518 4145 624 4196 ridiculi
644 4145 735 4206 “lude,
755 4147 820 4199 lude
837 4150 864 4200 in
878 4149 1010 4198 miseria.”
1029 4146 1130 4216 quippe

45 4217 70 4251 se
89 4206 176 4274 ipsum
196 4210 267 4263 dixit
287 4214 428 4284 compedes
448 4218 622 4287 manicasque
643 4225 670 4269 at
690 4217 791 4270 collare
810 4228 838 4272 et
857 4220 910 4271 alia
930 4217 960 4270 id
977 4235 1061 4290 genus
1079 4234 1129 4305 pa·
