2814 4898
354 337 410 400 DE
436 333 571 398 LEONE
595 329 760 398 ontulit
789 333 825 396 F.
1055 325 1126 398 351

48 511 172 577 ραμενον
202 485 259 552 καί
283 486 541 566 ἐπονομασθέντα
567 484 746 569 Ἀπόνιον,
775 479 944 566 γενόμενόν
965 503 1000 547 τε
1033 474 1132 558 πόθος

46 589 207 678 ἡγούμενον
226 587 271 663 εἰς
291 583 325 652 τό
348 583 557 668 μοναστήριον
570 583 604 649 τὸ
625 580 792 668 λεγόμενον
807 579 847 647 τό
866 586 1129 667 Μητροπολίτων.

44 688 207 774 μνθολόγος
229 709 280 764 τις
311 689 419 770 γέλοια
453 685 585 766 οἰγαποόν
608 687 665 748 καί
692 684 874 766 παιγνίόια,
898 683 955 748 καί
976 678 1051 758 τοός
1073 681 1131 746 ὑπ’

47 789 135 854 ον’τοῦ
155 783 319 868 μοναχοός
339 787 432 859 νέους
453 773 547 858 ὄντας
572 786 673 849 ταῦτα
695 791 803 846 ποιεῖν»
819 780 1054 864 ὑποτιθέμενος,
1076 783 1132 846 καί

27 887 141 962 ibride
160 887 260 952 εἰπεῖν
281 885 424 967 αἰσχροῖς
443 886 499 946 καί
519 884 665 963 αόίμνως
684 881 860 964 βιοτεύσας,
883 881 940 946 οἰκ
964 874 1022 946 οἶδ’
1043 876 1129 954 ὅπως

44 981 167 1069 όστερον
187 985 224 1048 ἑκ
241 982 499 1067 παραχωρήσεως
519 982 600 1044 θεοῦ
620 983 742 1062 ἐγένετο
764 979 819 1044 καί
838 983 1005 1056 ἐπίσκοπος
1026 983 1070 1054 εἰς
1091 975 1126 1043 τό

44 1089 181 1150 Evictus.
223 1077 259 1148 τό
280 1083 340 1162 μὲν
360 1079 482 1164 πρῶτον
502 1082 536 1144 ἑκ
556 1075 711 1144 παιόόθεν
731 1079 898 1162 όρθόόοξος
917 1069 973 1162 τόν,
995 1073 1129 1163 ὕστερον

45 1187 75 1250 di
95 1181 148 1248 διό
175 1179 233 1266 τὴν
261 1179 354 1260 δόξαν
390 1177 448 1262 τήν
475 1177 670 1263 πρόσκαιρον
701 1180 756 1244 καί
783 1175 819 1243 τό
842 1177 928 1260 ἔχειν
947 1180 1129 1262 παρρησίαν

45 1284 240 1366 εἰσέρχεσθον
258 1280 319 1354 -εἰς
338 1276 378 1344 τό
411 1280 559 1358 βασιλειο
582 1280 638 1340 καί
665 1277 943 1362 παρρησιάζεσθαι
961 1275 1042 1358 μετὰ
1064 1277 1129 1341 τοῖν
1157 1345 1158 1350 ,

13 1376 237 1466 1οκρατοόντιον,
259 1371 431 1459 ἐπελάβετο
466 1373 522 1458 την
546 1378 680 1460 αἰρεσιν.
722 1379 833 1440 τοῦτον
851 1378 1160 1457 καταμηνόσαντεςυ

43 1476 117 1565 πρός
139 1481 267 1545 Λέοντα
298 1475 354 1542 τόν
379 1479 514 1558 βασιλέα
545 1471 565 1537 ό
584 1499 617 1540 τι
642 1467 789 1558 Ἰωάννης
810 1469 828 1536 ό
850 1475 977 1560 ἐπίκλην
995 1470 1128 1561 Ὑλιλιίς,

43 1577 73 1644 όν
92 1576 225 1644 ἐκάλουν
244 1572 473 1662 γραμματικόν,
493 1573 549 1639 καί
561 1570 590 1640 οἰ
608 1572 669 1640 σόν
688 1575 784 1661 uuicti,
804 1567 875 1640 ὅντα
895 1575 941 1663 τῷ
958 1577 1130 1660 τηνικαῦτα

43 1680 72 1742 ἰν
90 1679 134 1764 τῷ
152 1677 290 1764 Σολοίρι,
318 1673 449 1756 πέμψας
475 1667 590 1758 ἢγαγεν
610 1674 726 1738 αότόν·
768 1675 825 1738 καί
843 1674 941 1740 εἰπών
962 1675 1050 1760 crispi
1071 1674 1128 1739 τόν

42 1775 148 1840 σκοπόν
176 1773 297 1856 odacri,
320 1771 365 1859 μή
397 1772 480 1856 ἔχων
509 1771 633 1856 καρπόν
668 1771 877 1856 πνευματικὸν
895 1776 929 1838 όν
949 1769 1055 1862 ἓαντηλ
1075 1773 1140 1840 καί

13 1877 166 1958 scopando
185 1873 243 1959 την
263 1871 455 1958 πρόσκαιρον
470 1869 574 1953 δόξαν,
596 1873 820 1956 καταπατήσας
839 1871 895 1958 τήν
915 1868 1032 1940 ἑαυτοῦ
1053 1899 1129 1940 σαν·
1157 1924 1162 1938 ς

42 1978 154 2060 είθηοιν
180 1972 236 2038 καί
266 1972 427 2056 ἀθετήσας
460 1970 517 2037 τόν
545 1969 684 2054 σταυρόν
715 1971 771 2036 καί
798 1969 857 2055 τὴν
888 1970 1068 2060 ἐπιγραφήν
1090 1972 1129 2056 ἢν

41 2075 188 2158 ἐποίησεν,
210 2073 352 2158 ἰστρόφη
373 2074 418 2146 εἰς
438 2070 473 2136 τό
497 2073 636 2136 ἐναντίον
665 2071 773 2152 μέρος.
795 2072 966 2157 ἐρωτηθείς
982 2072 1042 2157 γὰρ
1064 2069 1127 2136 aino

40 2175 90 2235 τοῦ
111 2175 251 2248 Λέοντος
279 2175 309 2236 εἰ
334 2174 508 2254 γέγραπται
538 2174 788 2248 προσκυνεῖσθαι
818 2167 875 2246 τός
906 2170 1046 2258 εἰκόνας,
1069 2166 1127 2236 ode

39 2272 189 2357 α’πεκρίθη
220 2271 306 2356 αότῷ
334 2269 373 2335 τό
393 2271 505 2336 δέοντα
540 2270 667 2355 ῥήματα
688 2273 745 2352 τῆς
765 2271 928 2358 οίληθείας,
950 2269 1019 2337 ἀλλ’
1039 2265 1219 2340 elusanam

13 2373 110 2438 tt‘bv'e
140 2369 209 2437 ἔστι
235 2373 450 2454 γεγραμμένον
480 2366 621 2453 πώποτε,
653 2367 733 2434 oillei
758 2373 901 2453 λέγουσιν
930 2365 982 2436 ότι
1002 2374 1124 2456 α’ρχαία

39 2466 210 2550 παρόδοσίς
239 2471 336 2534 ε’στι.”
376 2469 433 2534 καί
454 2461 540 2534 εἶπεν
573 2465 708 2532 όΛέιον
738 2463 789 2532 ότι
810 2468 866 2535 ἐόν
893 2474 933 2534 ον’
949 2474 1124 2559 γέγραπται
1156 2459 1167 2474 ”

40 2569 78 2644 εἰς
97 2565 133 2633 τό
157 2566 341 2654 εόανηὲλιον
360 2569 415 2635 καί
448 2571 494 2645 εἰς
515 2565 571 2633 τόν
591 2560 765 2634 ἀπόστολον
784 2569 888 2657 ῥηταῖς
909 2563 960 2635 ότι
981 2595 1123 2658 προσκν-

38 2869 62 2914 ct
74 2862 203 2934 deinceps
229 2863 258 2913 iu
276 2861 469 2913 monasterium
488 2862 727 2931 metropolitanum
745 2863 855 2914 nornine
874 2867 1042 2934 praepositus
1061 2865 1121 2918 fuc-

39 2942 75 2984 rrt
90 2935 242 2995 institutus,
264 2932 344 2984 homo
375 2933 503 3002 equidem
529 2932 627 2983 fabulis
647 2932 787 2996 addictus,
806 2934 874 2985 risus
893 2943 921 2986 et
935 2936 1061 2988 ludorum
1079 2954 1122 2988 se·

38 3011 130 3070 emtor,
159 3005 210 3076 qui
236 3003 376 3056 monachis
396 3004 449 3054 suis
470 3003 586 3054 subditis
607 3011 635 3056 et
654 3005 769 3056 iuvenili
787 3013 876 3057 aetate
895 3005 983 3058 adhuc
1003 3008 1121 3060 detentis

37 3074 96 3126 baec
113 3075 211 3128 eadem
235 3075 331 3126 sectari
351 3073 529 3142 suggerebat,
548 3071 630 3124 verbo
649 3073 753 3137 dicam,
780 3083 886 3145 turpem
904 3083 933 3128 et
950 3075 1120 3130 inhonestam

36 3145 110 3197 vitam
128 3147 247 3198 ducens:
267 3161 321 3215 qua
340 3146 443 3216 ratione
454 3143 629 3212 postmodum·
645 3143 690 3195 dei
706 3147 835 3215 permissu
854 3147 940 3198 factus
959 3148 1041 3200 fuerit
1060 3151 1121 3218 epi-

37 3231 125 3286 scopus
145 3216 256 3283 Sylaei,
286 3216 517 3286 penitusignoro.
561 3223 660 3267 rectam
680 3225 751 3267 certe
772 3216 853 3267 iidem
871 3233 887 3266 a
904 3235 990 3287 puero
1009 3217 1120 3271 eductus

36 3297 95 3351 erut,
113 3288 248 3360 deinceps
265 3295 355 3338 autem
375 3303 407 3337 ex
419 3303 503 3337 vanae
518 3286 620 3354 gloriae
635 3285 760 3349 libidine,
779 3295 807 3338 et
819 3288 953 3339 libertatis
971 3291 1001 3341 in
1020 3291 1121 3358 regium

36 3356 207 3424 ingrediendi
226 3357 375 3428 captandae
393 3373 489 3419 causa,
509 3365 585 3408 etur
604 3357 752 3408 aulicorum
768 3359 898 3409 consortii
916 3361 1051 3431 particeps
1072 3361 1121 3412 lic-

36 3438 78 3492 ret,
96 3429 234 3481 haeresim
255 3429 393 3497 amplexus
415 3435 463 3478 ert.
507 3426 579 3478 hunc
604 3443 664 3477 cum
683 3429 766 3479 Leoni
793 3429 947 3498 imperatori
966 3441 1059 3481 notum
1079 3431 1121 3482 le-

35 3501 127 3552 cissent
146 3509 178 3552 st
195 3499 286 3566 sylaei
306 3498 428 3550 habiture
449 3498 657 3560 renuntiassent,
677 3500 791 3549 loannes
810 3509 988 3566 cognomento
1008 3503 1121 3568 Hylilas,

35 3585 107 3638 quem
135 3570 344 3641 grammaticum
373 3568 522 3630 dicebant,
552 3575 580 3620 et
607 3569 757 3620 sententiae
777 3569 900 3620 eiuedum
919 3573 1048 3636 comites,
1066 3573 1121 3624 Leo

34 3643 106 3694 misso
125 3643 228 3694 nuntio
249 3642 357 3704 vocavit
375 3639 528 3702 hominem3
549 3647 577 3690 et
599 3638 696 3691 exinde
715 3641 812 3691 mentis
830 3643 994 3693 sententiam
1013 3644 1039 3693 ei
1057 3660 1122 3712 upe-

35 3714 87 3763 ruit
122 3731 189 3766 cum
207 3712 314 3762 nullum
332 3712 447 3762 fructum
465 3710 635 3780 spiritualem
651 3710 680 3762 in
699 3727 727 3760 se
745 3712 803 3779 ipso
822 3709 943 3776 haberet,
962 3712 1009 3763 sed
1027 3730 1122 3766 vanam

34 3789 131 3836 tontum
158 3789 314 3838 necteretur
333 3782 464 3848 gloriam,
490 3781 644 3832 conculcata
676 3783 850 3850 proiectaque
877 3784 1043 3834 conscientia
1063 3802 1121 3848 sira,

34 3863 242 3924 contemptaque
262 3868 349 3918 cruce,
367 3869 446 3922 quam
467 3852 496 3902 in
516 3852 741 3920 subscriptionem
756 3853 884 3915 exoravit,
901 3853 931 3905 in
951 3863 1053 3924 partem
1073 3853 1123 3908 de-

34 3926 137 3977 clinavit
155 3925 332 3977 contrariam.
369 3923 549 3990 interrogatus
568 3923 639 3974 euim
660 3937 675 3972 a
696 3923 787 3974 Leone
806 3940 870 3974 num
888 3923 1037 3976 adorandas
1055 3927 1123 3977 ima·

33 3997 99 4061 giues
126 3997 264 4065 scriptum
278 3993 391 4063 legerit,
408 3992 479 4045 nihil
506 3992 580 4062 quod
601 3993 636 4044 ad
661 3995 957 4063 veritatem.spectaret
973 3997 1122 4066 respondit,

34 4067 76 4117 red
91 4068 162 4120 dixit
181 4065 304 4118 “nullibi
322 4065 375 4115 boc
391 4065 518 4132 scriptum
534 4072 585 4115 est:
606 4081 698 4114 verum
717 4066 857 4136 antiquam
869 4082 928 4117 esse
946 4067 1122 4120 traditionem

33 4141 175 4191 esserunt.’'
196 4137 333 4188 subinfert
353 4136 408 4186 Leo
428 4136 497 4186 “nisi
512 4136 540 4186 in
559 4135 705 4202 evangeliis
724 4144 772 4187 aut
787 4135 859 4204 apud
878 4139 1031 4206 apostolum
1050 4140 1121 4190 clare

33 4218 57 4260 et
73 4210 107 4262 ad
123 4209 240 4263 verbum
259 4206 401 4271 scribatur,
420 4205 594 4260 veneremini
610 4206 754 4274 imaginem
772 4223 868 4272 meam,
885 4225 1016 4281 nusquam
1036 4209 1121 4280 ipsam
