2834 4898
393 342 777 432 ‘cuuouoommm
1054 359 1125 430 τοι

56 515 222 601 Ἀγαρηκτόν
250 517 471 601 έκπορθεῖται,
503 513 748 598 ἀσχολουμένων
778 519 813 580 δὲ
845 520 907 583 τῶν
931 520 1072 599 πλοΐμων
1095 521 1129 584 έν

55 625 110 692 τοῖς
128 616 292 698 πείσμασιν
309 618 371 680 καί
393 618 580 700 έκχοίσμασι
605 620 662 699 τής
683 620 756 691 νέας
779 619 944 702 ἐκκλησίας
964 615 1129 703 παρεδόθη

55 715 162 800 ήαότή
193 718 385 799 Συράκουσα
414 719 488 799 πρίν
517 713 645 802 φθάσαι
670 712 722 779 τόν
748 715 875 798 στόλον,
897 721 955 784 τοῦ
972 720 1129 801 βασιλέως

55 814 140 880 πολλά
160 818 193 880 ἒν
211 813 312 902 τούτῳ
333 814 557 898 θρηνήσαντος.

38 925 49 974 5
124 919 263 998 Νικήτας
292 918 328 979 δὲ
350 919 406 980 τοῦ
428 918 483 980 έπί
510 921 566 997 τής
587 918 743 1000 τραπέζης
762 919 821 979 τοῦ
843 912 1011 989 Ξυλινίτου
1035 943 1127 1002 κατη-

55 1018 228 1096 γορηθὲντος
248 1012 291 1090 οἷς
311 1017 503 1098 φιλουμένου
517 1013 605 1098 παρά
621 1017 676 1098 τῆς
687 1017 887 1100 Αάγοόστης,
905 1020 1015 1080 τοῦτον
1030 1017 1046 1078 ὁ
1065 1023 1129 1096 βα-

55 1110 147 1186 σιλεάς
168 1113 338 1198 α’ποκείρας
366 1112 508 1196 μοναχὸν
533 1113 695 1198 ἐποίησεν·
745 1111 780 1190 ὃς
802 1117 856 1179 έπί
876 1119 1013 1192 Λέοντος
1034 1121 1127 1198 βασι-

55 1216 119 1289 λέως
136 1218 258 1296 γέγονεν
292 1215 453 1292 οἰκονόμος
481 1216 515 1278 ἑν
536 1217 577 1300 τῇ
599 1211 717 1302 μεγάλη
738 1217 894 1301 ἐκκλησίᾳ,
912 1218 967 1280 καί
986 1215 1154 1299 assunt-o

55 1334 102 1386 σας
120 1317 240 1376 τίθεται
260 1315 294 1378 έν
316 1316 354 1398 τῇ
372 1315 454 1398 μονῇ
476 1312 514 1396 ήν
534 1309 630 1387 αότός
650 1312 884 1382 κατεσκεύασεν.
927 1313 982 1379 καί
1000 1315 1127 1379 άπέκει.

28 1417 99 1494 lipsi
116 1411 173 1486 τάς
193 1413 294 1476 adimi
315 1411 467 1496 άάελφάς.

116 1509 234 1586 ,Πολλά
255 1512 292 1576 δὲ
318 1510 475 1594 μάρμαρα
507 1517 562 1578 καί
582 1515 728 1597 ψηφῖδας
754 1517 788 1578 ἑκ
813 1515 935 1578 πολλῶν
958 1516 1128 1598 ἐκκλησιῶν

54 1613 189 1693 ἀνέλαβεν
210 1611 227 1674 ὅ
254 1610 405 1693 βασιλεός
426 1613 520 1693 λόγου
541 1619 597 1695 τής
617 1616 689 1688 νέας
708 1614 881 1699 ἐκκλησίας,
903 1617 937 1678 ἐν
961 1608 1006 1688 οἷς
1028 1615 1126 1700 στήλη

54 1711 147 1776 ἵστατο
172 1713 275 1796 χαλκῆ
312 1714 347 1776 ἐν
384 1713 428 1797 τρῖ
459 1713 597 1776 Σινάτου
623 1715 733 1796 σχῆμα
762 1713 933 1778 ἐπισκόπου
963 1719 1106 1800 φέρουσα
1118 1741 1132 1757 ··

55 1809 161 1892 ἐκράτει
190 1813 267 1895 δὲή
301 1809 383 1894 αάτή
415 1811 513 1896 στήλη
532 1814 566 1875 έν
586 1814 624 1900 τῇ
644 1814 731 1897 χειρί
758 1810 875 1898 ῥάβδον
902 1811 1023 1897 ἔχουσα
1051 1807 1127 1901 όφιν

27 1913 307 1996 Ῑὸέντετυλιγμένον·
348 1911 466 1995 ταύτην
486 1914 717 1994 καταγαγόντες
741 1910 861 1996 ἔθηκαν
882 1916 915 1978 έν
930 1917 973 2000 τῷ
993 1920 1126 1997 βεστια-

55 2011 109 2097 ρίρ.
156 2009 360 2089 κατελθόντος
386 2014 423 2078 δὲ
456 2015 515 2075 susi
544 2016 700 2093 βασιλέως
735 2017 791 2078 καί
823 2013 1014 2089 ἀπελθόντος
1047 2014 1127 2081 ἔνθα

55 2111 147 2174 ἵστατο
167 2111 265 2197 στήλη
285 2110 381 2196 ὀρθή,
402 2114 529 2194 ἐνέβαλε
551 2111 606 2176 τόν
634 2109 788 2177 δάκτυλον
807 2112 908 2178 αάτοῦ
929 2115 984 2178 έπί
1001 2115 1034 2178 τό
1054 2113 1126 2179 στό-

54 2231 89 2286 μα
111 2213 165 2274 soii
187 2204 307 2297 ὄφεως·
327 2205 372 2276 uls
393 2213 429 2276 δὲ
451 2213 520 2275 ἐκεῖ
536 2215 598 2289 ζοόν
618 2203 692 2297 όφις
713 2209 806 2276 ἔδακε
820 2215 878 2276 τοῦ
897 2216 1052 2292 βασιλέως
1073 2215 1129 2286 τόν

56 2309 212 2396 δάκτυλον,
241 2309 274 2386 ὃς
306 2311 399 2390 μόλις
430 2313 470 2375 δι’
490 2309 737 2396 α’ντιφαρμάκων
766 2313 865 2395 ἰάθη,
886 2312 1125 2394 θαυμασάντων

21 2401 164 2474 'titulum
184 2410 238 2476 έπί
255 2412 365 2497 τοότιρ.
408 2410 488 2475 α’λλά
512 2409 568 2476 καί
595 2408 653 2494 τήν
673 2409 786 2495 στήλην
807 2414 1008 2491 Σολομῶντος
1031 2414 1066 2474 έν
1085 2415 1154 2497 τῇίλ

56 2509 186 2596 βασιλικῇ
205 2503 284 2596 odon
305 2513 435 2598 μεγίστῃ
457 2508 608 2588 κατεάξας
633 2515 820 2593 προσέταξεν
841 2513 888 2573 ἐπ’
910 2508 1040 2590 ὀνόματι
1062 2513 1124 2574 αὖ.

57 2609 101 2668 τοῦ
116 2609 332 2693 έκτοπωθήναι
353 2612 409 2674 καί
436 2611 569 2693 τεθῆναι
588 2606 729 2674 κάτωθεν
747 2613 781 2674 έν
802 2617 868 2684 τοῖς
888 2612 1048 2690 θεμελίοις
1068 2612 1126 2694 τῆς

57 2883 176 2938 usualibus
202 2901 267 2939 vero
293 2887 379 2957 copiis
408 2887 478 2940 circu
497 2902 583 2940 novae
608 2886 739 2940 ecclesiae
765 2893 923 2939 structurum
946 2893 975 2938 et
999 2902 1123 2956 aggerum

58 2958 204 3009 effossionem
223 2961 369 3028 occupatis,
389 2961 541 3028 priusquam
567 2957 667 3010 deinde
692 2960 865 3029 imperatoria
882 2959 973 3010 classis
994 2959 1123 3010 adventa-

59 3033 96 3146 md
110 3029 267 3094 Syracusana
285 3028 378 3082 civitas
404 3029 569 3082 deditionem
591 3030 671 3092 lecit,
689 3029 724 3080 de
741 3047 795 3099 qua
813 3031 958 3100 imperator
978 3031 1123 3098 plurimum

59 3095 164 3150 inoluit.

111 3169 213 3222 Nicetus
239 3178 328 3222 sutem
359 3167 494 3238 Xylinitae
520 3170 592 3222 iilius
613 3185 720 3221 mensae
739 3169 928 3239 praepositus,
949 3186 1008 3220 cum
1026 3171 1121 3222 secreti

58 3235 84 3286 td
99 3240 231 3308 Augustam
250 3243 347 3294 amoris
367 3241 472 3294 delatus
494 3241 599 3304 fuisset,
618 3239 690 3292 hunc
703 3243 848 3309 imperatos·
865 3240 1006 3292 detonsum
1026 3258 1121 3292 monu-

58 3305 119 3358 dsum
139 3315 237 3378 effecit3
255 3314 302 3382 qui
320 3313 369 3364 sub
388 3313 479 3366 Leone
506 3314 666 3382 imperatore
691 3327 851 3362 oeconomus
870 3312 899 3361 in
917 3327 1011 3378 mogus
1032 3314 1121 3366 eccle-

59 3378 88 3426 sia
104 3391 199 3434 creatus
218 3392 268 3446 cst,
290 3391 317 3435 et
336 3385 392 3435 vita
411 3384 519 3435 functus
544 3389 572 3434 in
596 3385 759 3434 monasterio
780 3381 813 3432 ab
832 3398 864 3431 eo
894 3391 1047 3434 constructo
1070 3382 1120 3432 de·

58 3449 142 3568 ippdsitns
173 3461 222 3505 est.
271 3455 330 3506 cius
360 3471 470 3525 quoque
502 3469 606 3506 sorores
641 3453 749 3522 capillis
780 3461 871 3504 tonsas
898 3451 1029 3504 moniales
1057 3453 1120 3503 red·

59 3535 79 3566 ts
95 3521 119 3572 it.

111 3593 226 3645 Ceterum
240 3609 370 3648 marmora
381 3593 497 3664 plurimu
508 3603 577 3646 etex
589 3611 670 3663 opere
681 3591 819 3644 tessellato
829 3591 925 3660 figuras
934 3591 1019 3644 varius
1033 3609 1065 3644 ex
1074 3609 1118 3644 ec-

59 3657 127 3712 clesiis
140 3665 260 3732 plurimis
270 3682 356 3716 novae
368 3663 667 3718 alterius-exstruendae
677 3665 761 3733 gratis
777 3665 889 3716 sustulit
901 3665 1054 3734 imperator.
1062 3691 1065 3696 v
1073 3665 1118 3715 in-

58 3734 89 3778 ter
104 3732 162 3786 haec
180 3745 337 3788 ornaments
349 3737 402 3788 fuit
411 3738 491 3789 etiam
500 3744 586 3788 statua
597 3753 674 3788 aereo
688 3733 722 3786 ad
733 3744 863 3794 senatum,
874 3737 992 3803 episcopi
1006 3735 1117 3786 sormam

57 3799 169 3868 reserens,
197 3823 268 3876 quae
296 3809 395 3875 virgam
423 3814 549 3877 serpente
571 3807 787 3858 circumvolutam
817 3821 897 3856 manu
918 3805 1039 3872 gerebat:
1059 3823 1116 3858 eam

57 3866 102 3922 loco
117 3873 260 3944 depositum
280 3877 309 3928 lo
326 3878 453 3931 vestiario
473 3879 637 3930 locaverunt.
674 3875 810 3946 profectus
831 3876 896 3926 illuc
915 3877 1070 3958 imperatos,
1089 3887 1117 3930 et

56 3938 174 3998 adlocum
192 3966 247 4017 quo
266 3955 355 4001 statua
384 3950 474 4002 fuerat
493 3956 583 4001 erecta
610 3943 782 4010 descendens,
800 3947 829 3996 in
845 3955 977 4014 serpentis
996 3964 1024 3996 os
1045 3943 1116 4014 ‹ligi-

56 4016 97 4062 tuus
113 4017 225 4070 immisit.
262 4035 373 4088 serpens
393 4028 482 4072 autem
502 4019 601 4071 ibidem
625 4017 699 4070 vivus
725 4025 845 4087 repertus
864 4016 975 4083 digitum
997 4019 1114 4086 impom-

55 4085 105 4134 toris
119 4090 266 4152 momordit,
285 4091 353 4141 asico
374 4098 414 4154 ut,
431 4087 610 4160 quodmirum
629 4088 752 4140 omnibus
772 4087 872 4139 deinde
888 4090 972 4138 visum
993 4097 1045 4149 est,
1065 4089 1116 4140 ad.

54 4147 130 4208 libitis
157 4161 279 4212 remediis
304 4162 349 4213 vix
377 4164 464 4212 sanari
486 4163 615 4231 potuerit.
659 4168 747 4212 statua
776 4175 885 4228 quoque
909 4160 1059 4210 Solomonis
1080 4159 1114 4210 ad

55 4217 168 4282 basilicam
195 4240 283 4286 stante
303 4231 449 4298 contracta,
468 4249 500 4284 ex
527 4233 584 4283 eius
603 4231 712 4284 metullo
738 4231 873 4300 propriam
889 4233 1019 4283 efformari
1040 4239 1067 4283 et
1084 4231 1113 4282 iu

103 4337 150 4396 leo
169 4345 373 4400 Grammaticus.
609 4373 613 4383 .
885 4339 916 4392 17
