2838 4902
226 324 281 386 DE
298 315 603 387 messetoutct
623 319 652 384 Δ
669 319 831 385 Lauinis
848 315 994 386 cient.
1087 315 1159 387 39⁷

70 475 212 562 Ἀλεξιλι,
239 477 425 539 κατασεῖσαι
453 473 490 536 δὲ
521 471 579 555 τῆς
604 471 832 556 κραταιότνγτος
855 469 910 556 τήν
938 471 1000 558 [τε]
1028 472 1164 557 μητέρα,

74 678 155 738 λιιον
174 675 291 739 ἐκεῖνον
307 664 484 756 Ἐριννύσιν
505 667 628 748 ἐκδούς·
670 670 727 736 καί
743 673 913 753 κατέμενεν
935 664 1021 734 odem
1034 691 1165 754 προκεν-

73 773 164 856 τῆσαι
184 769 241 848 τδς
255 774 317 837 τοῖν
338 772 504 854 πρακτέων
524 768 639 854 ἀρχάς.
679 770 736 835 καί
755 769 922 836 ὥσιοδσατο
943 774 1003 852 μὲν
1023 769 1165 836 ἐνταῦθα

51 873 125 942 5καί
141 865 275 958 δρκονς,
308 869 366 935 καί
392 861 511 965 adponi:
544 871 629 946 οἵους
649 873 706 936 καί
728 862 845 950 ὅσους,
863 861 912 934 ὀἷν
931 863 978 947 εἷς
998 868 1054 936 καὶ
1072 867 1091 934 δ
1112 865 1167 935 ἐπὶ

73 973 129 1036 τοῦ
148 966 287 1056 μεγάλου
317 965 536 1052 πανοεβᾰστου
563 968 708 1052 βήματος
732 971 1001 1052 τιθεμιλιοομύνος
1022 971 1068 1047 εἰς
1088 993 1164 1053 nun·

40 1109 42 1116 ,
71 1073 156 1156 πῑδα,
177 1065 217 1152 ἢν
237 1069 296 1134 ούκ
316 1065 382 1134 ἔστι
396 1078 581 1152 κατασεῖσαι
603 1071 830 1150 Χριστιανοϊς·
870 1067 916 1146 εἶς
936 1064 1015 1135 oded
1038 1065 1100 1153 γδρ
1122 1063 1163 1156 ἦν

71 1165 284 1258 συμπεπηγώς
309 1166 344 1232 τὸ
374 1161 457 1250 αἷμα
490 1161 556 1232 ταδ’
572 1166 606 1233 τὸ
629 1169 724 1250 σῶμα
752 1169 811 1236 τού
841 1171 983 1252 σωτῆρος
1004 1172 1162 1256 Χριστοῦ,

71 1267 109 1336 sd
129 1271 208 1360 πᾶσι
229 1264 348 1354 φρικτὰ
369 1266 425 1334 καί
443 1266 596 1350 πάντιμο.
638 1268 746 1333 ἐδίδου
760 1268 797 1332 δὲ
816 1263 960 1332 ὑπονοεῖν
980 1265 1163 1354 ἀσφάλειαν

39 1390 65 1444 10
74 1367 204 1444 πίστεως
225 1367 393 1452 βασιλικῆς
427 1367 482 1431 καί
500 1365 535 1432 τδ
557 1370 615 1452 τῆς
642 1365 860 1452 ταπεινότητος
879 1365 1161 1454 ψευδεπίγραφον·

73 1470 165 1534 πεδοῖ
181 1465 242 1552 γδρ
264 1463 380 1551 ἑαυτὸν
399 1466 500 1552 ρ’ύγας
521 1465 539 1531 δ
561 1467 762 1554 Ἀνδρόνικος
781 1465 837 1534 καὶ
857 1466 979 1534 ἁπαλὸν
998 1464 1165 1550 βασιλικὸν

72 1567 149 1634 πόδα
170 1570 261 1658 χειρλ
292 1560 375 1650 δρας
397 1566 502 1652 ἦρέμα
531 1569 574 1656 τῷ
593 1570 719 1654 σκληρῷ
744 1569 895 1658 τραχήλῳ
916 1567 1059 1650 ἐπέθετο,
1080 1591 1164 1653 φαν-

71 1665 171 1748 τύζιον
202 1667 256 1744 nic.
277 1661 380 1744 οὕτως
401 1662 461 1732 sind
483 1665 568 1732 πόδα
597 1666 641 1755 τῷ
660 1671 792 1750 βασιλεῖ
802 1666 861 1732 ἀἰί
882 1664 1069 1751 σιτήσεται.
1108 1670 1166 1734 καί
1272 1711 1276 1718 -

71 1766 109 1830 οδ
127 1767 237 1850 μόνον,
256 1763 339 1832 οἶλλοὶ
354 1765 410 1832 καί
420 1765 598 1851 δλαφρίσας
615 1762 803 1834 ἐπεκάθισεν
824 1760 899 1856 ciunt
909 1768 1065 1854 σφετέρῳ,
1084 1765 1166 1852 πρδς

38 1865 229 1950 λοούμβολον
256 1870 313 1932 sni
341 1867 432 1932 τοῦτο
460 1866 518 1932 τοῦ
548 1867 594 1942 εἰς
622 1865 763 1954 κεφαλήν
792 1868 890 1934 αύτὸν
909 1863 997 1950 ἔχειν
1016 1865 1163 1952 καθάπερ

72 1960 167 2034 ύσιον.
647 2048 651 2056 ρ
836 2035 839 2045 ,

142 2057 250 2134 Ἦσαν
280 2069 391 2137 ταῦτα.
433 2070 490 2134 καί
517 2063 547 2132 οἱ
567 2070 628 2148 μὲν
658 2061 898 2151 ἅγχινούστεροι
920 2062 976 2130 κατ’
994 2059 1055 2132 οἷοι
1077 2062 1164 2148 ἔχειν

70 2164 101 2232 τὰ
123 2169 254 2254 α’ληθῶς
275 2166 467 2250 εύεπήβολον
478 2157 599 2234 donov
621 2165 703 2251 πρὸς
724 2168 769 2256 τῷ
790 2165 885 2248 α’νδρδ
906 2157 998 2251 εἶναι,
1018 2158 1058 2230 ού
1078 2167 1163 2230 πάνυ

71 2265 179 2331 πολλοὶ
197 2267 330 2348 ἐκεῖνος,
353 2261 391 2332 εδ
420 2263 604 2348 ὁτιμοὶλιστα
624 2264 742 2344 εἰδότες
770 2261 835 2342 οἶος
853 2269 1033 2332 τιέπλαστο·
1074 2261 1104 2329 οἱ
1125 2266 1162 2330 δὲ

37 2379 65 2432 20
74 2363 197 2442 πλείους
217 2352 392 2452 παρήγοντο
411 2369 470 2432 τοῦ
490 2367 652 2450 α’ληθούς,
676 2367 732 2431 καί
752 2366 945 2452 η’νθισμύνος
963 2364 1019 2444 τδς
1040 2355 1161 2432 ἐκείνου

73 2457 197 2548 τρίβους
222 2463 361 2550 δρῶντες
381 2464 456 2544 τούς
475 2466 633 2553 βοθύνους
650 2464 710 2548 οδχ
728 2463 949 2549 ὑπεβλέποντο,
970 2467 1087 2550 α’γαθοί
1106 2462 1163 2531 καὶ

72 2556 157 2629 edroi
174 2587 212 2650 γε
234 2557 324 2644 ὄντες
344 2565 542 2652 Χριστιανοί,
571 2569 628 2632 καί
647 2569 786 2652 λογισμῷ
807 2567 1017 2648 διοικούμενοι
1039 2563 1083 2640 οἷς
1103 2557 1161 2628 ούκ

72 2655 133 2750 ἄρα
155 2663 320 2760 τοιούτους
342 2659 454 2752 ὅρκους
468 2668 602 2752 συγχέαι
618 2661 845 2751 κατατολμὴσει
865 2657 1034 2754 ἅνθρωπος
1052 2665 1162 2751 γένους

73 2982 197 3038 dolenter
220 2985 361 3055 imperium
386 2985 475 3038 elesii
510 2984 608 3056 pueri,
637 2983 768 3040 deiiceret
794 2983 829 3036 ‹le
857 2999 947 3038 rerum
965 2985 1073 3052 fastigio
1100 3002 1161 3038 ma·

73 3064 152 3120 trem,
169 3065 272 3120 exuto,
297 3073 378 3128 quem
402 3057 682 3119 commemoravimus,
701 3064 729 3108 et
746 3055 925 3126 primitierum
941 3057 1003 3108 loco
1022 3057 1098 3108 iuriis
1117 3057 1162 3108 di.

72 3136 128 3179 ceto
156 3127 358 3198 protosebeeto.
401 3145 434 3180 ec
456 3129 637 3198 perseveravit
661 3127 691 3178 in
715 3126 885 3178 delineandir
910 3129 950 3186 ita
967 3127 1063 3196 agendi
1084 3129 1162 3196 priu-

72 3198 155 3267 cipiis.
201 3197 302 3250 iurarit
324 3200 391 3270 quin
422 3199 504 3251 etiam
523 3197 715 3259 iureiurando,
740 3205 769 3249 et
794 3198 887 3268 qualia
912 3199 962 3250 iile
984 3196 1160 3268 quanteque!

73 3268 204 3338 equibus
232 3287 315 3322 unum
339 3271 369 3322 in
398 3285 494 3337 magno
523 3267 607 3337 gradu
627 3267 777 3320 venerabili
802 3277 932 3339 tanquam
955 3268 1160 3320 fundamentum

73 3339 167 3393 iactum
184 3347 239 3408 est,
257 3339 330 3411 quod
348 3349 494 3393 concutere
512 3356 568 3392 non
585 3339 651 3390 licet
667 3338 835 3392 Christianis.
872 3340 901 3392 in
919 3355 951 3394 eo
974 3339 1047 3390 euim
1066 3338 1162 3392 abdita

73 3418 146 3464 eraut
159 3427 258 3480 corpus
277 3419 305 3465 ct
325 3413 430 3481 sanguis
445 3410 544 3464 Christi
556 3411 706 3474 salvatoris,
725 3410 829 3460 cunctis
847 3407 982 3462 horrenda
1000 3417 1029 3462 et
1045 3425 1163 3462 venera-

72 3479 145 3532 bilin.
183 3497 216 3532 ec
239 3481 373 3546 faciebat,
391 3491 422 3534 ut
438 3497 559 3551 sperares
586 3481 689 3532 firmem
709 3479 864 3549 imperatori
883 3479 973 3544 fidem,
993 3481 1162 3534 ementieba-

72 3557 168 3622 turque
196 3551 360 3606 humilitatis
387 3553 474 3621 signs.
521 3552 623 3604 etenim
648 3549 723 3604 humi
750 3557 900 3621 prostratus
920 3559 1042 3604 tenerum
1062 3549 1176 3621 pedem*

73 3621 239 3694 imperatoris
255 3623 313 3676 leni
330 3639 412 3676 meuu
434 3623 571 3676 sublatum
590 3638 702 3691 asperae
721 3621 818 3672 cervici
838 3637 903 3674 sous
919 3621 1059 3694 imposuit,
1075 3624 1161 3674 simu·

73 3689 128 3744 lans
145 3695 185 3746 ite
202 3693 230 3746 se
248 3711 355 3763 semper
369 3693 420 3746 sub
438 3694 555 3765 pedibus
572 3691 742 3762 imperatoris
767 3691 836 3746 iore·
878 3692 957 3762 quid,
974 3692 1049 3762 quod
1066 3693 1160 3746 sobie-

73 3772 159 3816 vatum
176 3763 206 3816 iu
225 3763 338 3816 humero
358 3765 411 3816 sibi
431 3765 576 3817 collocarit
604 3765 805 3833 imperatorem,
829 3761 904 3832 quod
922 3771 951 3818 et
967 3765 1055 3834 ipsum
1073 3763 1161 3816 docus

73 3842 160 3886 mento
180 3843 259 3900 esset,
275 3835 415 3888 induxisse
435 3852 464 3887 ee
485 3837 515 3888 in
532 3835 658 3896 animum,
676 3834 750 3904 quod
769 3833 808 3884 sas
829 3842 909 3888 eseet.

140 3905 219 3976 Quae
240 3923 323 3976 quum
349 3907 390 3958 its
418 3906 524 3969 fierent,
541 3906 731 3976 prudentiores
750 3903 836 3969 etii,
854 3906 902 3974 qui
920 3903 1053 3956 haberent
1069 3914 1161 3958 rerem

74 3971 212 4028 divinandi
229 3976 395 4040 facultatem,
408 3975 581 4039 dubitabant,
597 3993 654 4028 non
672 3975 816 4026 admodum
834 3975 912 4028 multi
925 3976 978 4039 iili,
989 3975 1093 4028 homini
1113 3976 1161 4028 isti

74 4059 101 4096 ee
118 4046 275 4115 adiungere,
292 4049 396 4118 optime
420 4049 511 4116 gnari,
529 4063 562 4098 ex
581 4063 637 4116 quo
655 4047 704 4097 ilie
730 4046 790 4098 luto
810 4045 896 4098 iectus
918 4054 999 4098 esset.
1035 4047 1160 4116 plerique

74 4124 161 4168 autem
191 4135 207 4169 a
225 4135 290 4172 vero
310 4117 490 4182 aberrabant,
510 4126 538 4170 st
549 4119 609 4172 niae
628 4116 737 4168 floridas
755 4116 820 4168 dum
838 4117 948 4180 vident,
966 4134 1022 4169 non
1040 4117 1161 4187 suspica·

73 4181 169 4240 bantur
187 4189 272 4242 iosses
289 4191 422 4254 latentes,
438 4187 505 4243 boui
521 4187 565 4242 illi
588 4187 686 4260 etipsi
706 4186 860 4253 Christiani,
878 4189 983 4258 quiite
1002 4203 1093 4242 secum
1114 4205 1159 4242 ra·
1186 4194 1191 4203 '
