<?xml version="1.0" encoding="UTF-8"?>
<!DOCTYPE html PUBLIC "-//W3C//DTD XHTML 1.0 Transitional//EN"
    "http://www.w3.org/TR/xhtml1/DTD/xhtml1-transitional.dtd">
<html xmlns="http://www.w3.org/1999/xhtml" xml:lang="en" lang="en">
 <head>
  <title>
</title>
<meta http-equiv="Content-Type" content="text/html;charset=utf-8" />
  <meta name='ocr-system' content='tesseract 3.04.00' />
  <meta name='ocr-capabilities' content='ocr_page ocr_carea ocr_par ocr_line ocrx_word'/>
</head>
<body>
  <div class='ocr_page' id='page_1' title='image "./chronographia01eustgoog_0466.png"; bbox 0 0 2892 4904; ppageno 0'>
   <div class='ocr_carea' id='block_1_1' title="bbox 245 295 1172 381">
    <p class='ocr_par' dir='ltr' id='par_1_1' title="bbox 245 295 1172 381">
     <span class='ocr_line' id='line_1_1' title="bbox 245 295 1172 381; baseline -0.009 -1"><span class='ocrx_word' id='word_1_1' title='bbox 245 317 299 381; x_wconf 90' lang='lat' dir='ltr'><strong><em>DE</em></strong></span> <span class='ocrx_word' id='word_1_2' title='bbox 316 309 624 378; x_wconf 62' lang='lat' dir='ltr'>Tflffistnoutcn</span> <span class='ocrx_word' id='word_1_3' title='bbox 643 313 670 374; x_wconf 76' lang='lat' dir='ltr'><strong><em>,t</em></strong></span> <span class='ocrx_word' id='word_1_4' title='bbox 691 311 848 374; x_wconf 71' lang='lat' dir='ltr'>imitus</span> <span class='ocrx_word' id='word_1_5' title='bbox 867 309 1010 374; x_wconf 78' lang='lat' dir='ltr'>CdP-TA.</span> <span class='ocrx_word' id='word_1_6' title='bbox 1098 295 1172 372; x_wconf 72' lang='grc'><strong><em>463</em></strong></span> 
     </span>
    </p>
   </div>
   <div class='ocr_carea' id='block_1_2' title="bbox 17 452 1174 2436">
    <p class='ocr_par' dir='ltr' id='par_1_2' title="bbox 17 452 1174 2436">
     <span class='ocr_line' id='line_1_2' title="bbox 80 452 1173 552; baseline -0.011 -20"><span class='ocrx_word' id='word_1_7' title='bbox 80 490 236 552; x_wconf 81' lang='grc' dir='ltr'><strong><em>φρασται,</em></strong></span> <span class='ocrx_word' id='word_1_8' title='bbox 257 468 410 548; x_wconf 77' lang='grc' dir='ltr'><strong><em>μερίμνης</em></strong></span> <span class='ocrx_word' id='word_1_9' title='bbox 432 463 468 526; x_wconf 84' lang='grc' dir='ltr'><strong><em>δὲ</em></strong></span> <span class='ocrx_word' id='word_1_10' title='bbox 489 465 617 540; x_wconf 82' lang='grc' dir='ltr'><strong><em>θέμενοι</em></strong></span> <span class='ocrx_word' id='word_1_11' title='bbox 640 457 700 538; x_wconf 78' lang='grc' dir='ltr'><strong><em>ἔξω</em></strong></span> <span class='ocrx_word' id='word_1_12' title='bbox 714 457 769 523; x_wconf 80' lang='grc' dir='ltr'><strong><em>καί</em></strong></span> <span class='ocrx_word' id='word_1_13' title='bbox 790 458 848 541; x_wconf 79' lang='grc' dir='ltr'><strong><em>τὴν</em></strong></span> <span class='ocrx_word' id='word_1_14' title='bbox 869 461 915 536; x_wconf 86' lang='grc' dir='ltr'><strong><em>εἰς</em></strong></span> <span class='ocrx_word' id='word_1_15' title='bbox 935 457 987 523; x_wconf 87' lang='grc' dir='ltr'><strong><em>τόν</em></strong></span> <span class='ocrx_word' id='word_1_16' title='bbox 1006 452 1096 542; x_wconf 80' lang='grc' dir='ltr'><strong><em>άγιον</em></strong></span> <span class='ocrx_word' id='word_1_17' title='bbox 1117 457 1173 523; x_wconf 83' lang='grc' dir='ltr'><strong><em>τά.</em></strong></span> 
     </span>
     <span class='ocr_line' id='line_1_3' title="bbox 79 552 1173 651; baseline -0.005 -23"><span class='ocrx_word' id='word_1_18' title='bbox 79 589 143 651; x_wconf 70' lang='lat' dir='ltr'><strong><em>(pov</em></strong></span> <span class='ocrx_word' id='word_1_19' title='bbox 163 567 222 628; x_wconf 79' lang='grc' dir='ltr'><strong><em>τοῦ</em></strong></span> <span class='ocrx_word' id='word_1_20' title='bbox 241 559 446 646; x_wconf 82' lang='grc' dir='ltr'><strong><em>μυροβλόιου</em></strong></span> <span class='ocrx_word' id='word_1_21' title='bbox 467 557 677 645; x_wconf 74' lang='grc' dir='ltr'><strong><em>καταφυγήν,</em></strong></span> <span class='ocrx_word' id='word_1_22' title='bbox 699 555 746 622; x_wconf 80' lang='grc' dir='ltr'><strong><em>ἔτι</em></strong></span> <span class='ocrx_word' id='word_1_23' title='bbox 767 560 803 624; x_wconf 77' lang='grc' dir='ltr'><strong><em>δὲ</em></strong></span> <span class='ocrx_word' id='word_1_24' title='bbox 824 561 880 622; x_wconf 78' lang='grc' dir='ltr'><strong><em>καί</em></strong></span> <span class='ocrx_word' id='word_1_25' title='bbox 900 555 958 642; x_wconf 74' lang='grc' dir='ltr'><strong><em>τὴν</em></strong></span> <span class='ocrx_word' id='word_1_26' title='bbox 979 560 1024 631; x_wconf 80' lang='grc' dir='ltr'><strong><em>εἷς</em></strong></span> <span class='ocrx_word' id='word_1_27' title='bbox 1044 552 1173 642; x_wconf 72' lang='grc' dir='ltr'><strong><em>ἑτάρους</em></strong></span> 
     </span>
     <span class='ocr_line' id='line_1_4' title="bbox 77 653 1174 745; baseline -0.007 -17"><span class='ocrx_word' id='word_1_28' title='bbox 77 667 189 739; x_wconf 73' lang='grc' dir='ltr'><strong><em>θείους</em></strong></span> <span class='ocrx_word' id='word_1_29' title='bbox 221 662 317 737; x_wconf 79' lang='grc' dir='ltr'><strong><em>ναοὺς</em></strong></span> <span class='ocrx_word' id='word_1_30' title='bbox 339 655 392 745; x_wconf 76' lang='lat' dir='ltr'>(osi</span> <span class='ocrx_word' id='word_1_31' title='bbox 414 658 476 742; x_wconf 90' lang='grc' dir='ltr'><strong><em>γάρ</em></strong></span> <span class='ocrx_word' id='word_1_32' title='bbox 499 658 659 741; x_wconf 76' lang='grc' dir='ltr'><strong><em>δήπουθεν</em></strong></span> <span class='ocrx_word' id='word_1_33' title='bbox 688 659 861 722; x_wconf 73' lang='grc' dir='ltr'><strong><em>ἐλάνθανεν</em></strong></span> <span class='ocrx_word' id='word_1_34' title='bbox 875 653 960 741; x_wconf 76' lang='grc' dir='ltr'><strong><em>ἡμᾶς</em></strong></span> <span class='ocrx_word' id='word_1_35' title='bbox 982 653 1025 732; x_wconf 75' lang='lat' dir='ltr'><strong><em>oio</em></strong></span> <span class='ocrx_word' id='word_1_36' title='bbox 1045 658 1174 722; x_wconf 85' lang='grc' dir='ltr'><strong><em>πάντων</em></strong></span> 
     </span>
     <span class='ocr_line' id='line_1_5' title="bbox 75 756 1171 849; baseline -0.006 -21"><span class='ocrx_word' id='word_1_37' title='bbox 75 765 142 828; x_wconf 79' lang='grc' dir='ltr'><strong><em>τεόν</em></strong></span> <span class='ocrx_word' id='word_1_38' title='bbox 164 761 341 849; x_wconf 71' lang='grc' dir='ltr'><strong><em>φευγόντων</em></strong></span> <span class='ocrx_word' id='word_1_39' title='bbox 372 765 406 827; x_wconf 81' lang='grc' dir='ltr'><strong><em>ὲν</em></strong></span> <span class='ocrx_word' id='word_1_40' title='bbox 428 767 491 833; x_wconf 80' lang='grc' dir='ltr'><strong><em>τοῖς</em></strong></span> <span class='ocrx_word' id='word_1_41' title='bbox 512 758 667 832; x_wconf 74' lang='grc' dir='ltr'><strong><em>τοιούτοις</em></strong></span> <span class='ocrx_word' id='word_1_42' title='bbox 697 756 914 843; x_wconf 81' lang='grc' dir='ltr'><strong><em>ῥυϊσκομὲνων</em></strong></span> <span class='ocrx_word' id='word_1_43' title='bbox 935 757 1046 820; x_wconf 78' lang='grc' dir='ltr'><strong><em>πολλοὶ</em></strong></span> <span class='ocrx_word' id='word_1_44' title='bbox 1069 780 1171 839; x_wconf 87' lang='grc' dir='ltr'><strong><em>παρα-</em></strong></span> 
     </span>
     <span class='ocr_line' id='line_1_6' title="bbox 47 856 1170 948; baseline -0.007 -21"><span class='ocrx_word' id='word_1_45' title='bbox 47 866 272 948; x_wconf 79' lang='grc' dir='ltr'><strong><em>5σνρησσνται</em></strong></span> <span class='ocrx_word' id='word_1_46' title='bbox 300 863 358 924; x_wconf 77' lang='grc' dir='ltr'><strong><em>τοῦ</em></strong></span> <span class='ocrx_word' id='word_1_47' title='bbox 391 863 447 944; x_wconf 84' lang='grc' dir='ltr'><strong><em>ζῆν</em></strong></span> <span class='ocrx_word' id='word_1_48' title='bbox 478 856 634 936; x_wconf 78' lang='grc' dir='ltr'><strong><em>άθισμαῖς</em></strong></span> <span class='ocrx_word' id='word_1_49' title='bbox 661 856 714 920; x_wconf 79' lang='grc' dir='ltr'><strong><em>καὶ</em></strong></span> <span class='ocrx_word' id='word_1_50' title='bbox 735 866 800 930; x_wconf 77' lang='grc' dir='ltr'><strong><em>τοῖς</em></strong></span> <span class='ocrx_word' id='word_1_51' title='bbox 820 858 966 920; x_wconf 74' lang='grc' dir='ltr'><strong><em>ἐντεῦθεν</em></strong></span> <span class='ocrx_word' id='word_1_52' title='bbox 987 861 1170 939; x_wconf 81' lang='grc' dir='ltr'><strong><em>πνιγμοΐς),</em></strong></span> 
     </span>
     <span class='ocr_line' id='line_1_7' title="bbox 74 949 1170 1049; baseline -0.01 -23"><span class='ocrx_word' id='word_1_53' title='bbox 74 961 133 1026; x_wconf 73' lang='grc' dir='ltr'><strong><em>καὶ</em></strong></span> <span class='ocrx_word' id='word_1_54' title='bbox 151 967 194 1049; x_wconf 74' lang='grc' dir='ltr'><strong><em>τῷ</em></strong></span> <span class='ocrx_word' id='word_1_55' title='bbox 214 959 287 1048; x_wconf 79' lang='grc' dir='ltr'><strong><em>οἴκῳ</em></strong></span> <span class='ocrx_word' id='word_1_56' title='bbox 308 963 556 1042; x_wconf 78' lang='grc' dir='ltr'><strong><em>παραμείναντες</em></strong></span> <span class='ocrx_word' id='word_1_57' title='bbox 581 949 615 1028; x_wconf 76' lang='lat' dir='ltr'><strong><em>iic</em></strong></span> <span class='ocrx_word' id='word_1_58' title='bbox 638 951 821 1042; x_wconf 76' lang='grc' dir='ltr'><strong><em>περιάιλεται</em></strong></span> <span class='ocrx_word' id='word_1_59' title='bbox 853 955 955 1032; x_wconf 79' lang='grc' dir='ltr'><strong><em>ζῶντα</em></strong></span> <span class='ocrx_word' id='word_1_60' title='bbox 976 952 1170 1037; x_wconf 79' lang='grc' dir='ltr'><strong><em>ἐκθεραπεύ-</em></strong></span> 
     </span>
     <span class='ocr_line' id='line_1_8' title="bbox 73 1051 1171 1144; baseline -0.009 -18"><span class='ocrx_word' id='word_1_61' title='bbox 73 1087 124 1126; x_wconf 89' lang='grc' dir='ltr'><strong><em>ειν</em></strong></span> <span class='ocrx_word' id='word_1_62' title='bbox 145 1061 202 1125; x_wconf 86' lang='grc' dir='ltr'><strong><em>τόν</em></strong></span> <span class='ocrx_word' id='word_1_63' title='bbox 222 1057 321 1144; x_wconf 80' lang='grc' dir='ltr'><strong><em>άγιον,</em></strong></span> <span class='ocrx_word' id='word_1_64' title='bbox 341 1061 396 1122; x_wconf 80' lang='grc' dir='ltr'><strong><em>καί</em></strong></span> <span class='ocrx_word' id='word_1_65' title='bbox 415 1057 515 1121; x_wconf 87' lang='grc' dir='ltr'><strong><em>πολλά</em></strong></span> <span class='ocrx_word' id='word_1_66' title='bbox 537 1057 593 1118; x_wconf 76' lang='grc' dir='ltr'><em>καί</em></span> <span class='ocrx_word' id='word_1_67' title='bbox 606 1054 720 1138; x_wconf 68' lang='grc' dir='ltr'><strong><em>’μυρία</em></strong></span> <span class='ocrx_word' id='word_1_68' title='bbox 740 1051 820 1118; x_wconf 87' lang='grc' dir='ltr'><strong><em>κακά</em></strong></span> <span class='ocrx_word' id='word_1_69' title='bbox 840 1057 896 1118; x_wconf 85' lang='grc' dir='ltr'><em>καί</em></span> <span class='ocrx_word' id='word_1_70' title='bbox 913 1055 1097 1132; x_wconf 82' lang='grc' dir='ltr'><strong><em>τεθεαμένοι</em></strong></span> <span class='ocrx_word' id='word_1_71' title='bbox 1116 1054 1171 1116; x_wconf 81' lang='grc' dir='ltr'><strong><em>καί</em></strong></span> 
     </span>
     <span class='ocr_line' id='line_1_9' title="bbox 71 1145 1168 1244; baseline -0.008 -19"><span class='ocrx_word' id='word_1_72' title='bbox 71 1161 272 1240; x_wconf 87' lang='grc' dir='ltr'><strong><em>πεπονθότες,</em></strong></span> <span class='ocrx_word' id='word_1_73' title='bbox 294 1158 345 1244; x_wconf 74' lang='grc' dir='ltr'><strong><em>ἐφ’</em></strong></span> <span class='ocrx_word' id='word_1_74' title='bbox 367 1148 413 1232; x_wconf 80' lang='grc' dir='ltr'><strong><em>οἷς</em></strong></span> <span class='ocrx_word' id='word_1_75' title='bbox 434 1159 547 1235; x_wconf 78' lang='grc' dir='ltr'><strong><em>θαῦμα</em></strong></span> <span class='ocrx_word' id='word_1_76' title='bbox 577 1151 731 1236; x_wconf 80' lang='grc' dir='ltr'><strong><em>περίεισιν</em></strong></span> <span class='ocrx_word' id='word_1_77' title='bbox 751 1152 834 1236; x_wconf 73' lang='grc' dir='ltr'><strong><em>ἡμεῖς</em></strong></span> <span class='ocrx_word' id='word_1_78' title='bbox 862 1145 948 1228; x_wconf 82' lang='grc' dir='ltr'><strong><em>ὅπως</em></strong></span> <span class='ocrx_word' id='word_1_79' title='bbox 968 1152 1168 1237; x_wconf 82' lang='grc' dir='ltr'><strong><em>άντὲσχομεν,</em></strong></span> 
     </span>
     <span class='ocr_line' id='line_1_10' title="bbox 71 1248 1168 1342; baseline -0.013 -16"><span class='ocrx_word' id='word_1_80' title='bbox 71 1267 161 1335; x_wconf 82' lang='grc' dir='ltr'><strong><em>τέλος</em></strong></span> <span class='ocrx_word' id='word_1_81' title='bbox 182 1263 237 1324; x_wconf 79' lang='grc' dir='ltr'><strong><em>τοῦ</em></strong></span> <span class='ocrx_word' id='word_1_82' title='bbox 259 1260 416 1341; x_wconf 75' lang='grc' dir='ltr'><strong><em>πώγωνος,</em></strong></span> <span class='ocrx_word' id='word_1_83' title='bbox 437 1252 456 1318; x_wconf 85' lang='grc' dir='ltr'><strong><em>ό</em></strong></span> <span class='ocrx_word' id='word_1_84' title='bbox 476 1278 594 1342; x_wconf 80' lang='grc' dir='ltr'><strong><em>φασιν,</em></strong></span> <span class='ocrx_word' id='word_1_85' title='bbox 614 1249 820 1328; x_wconf 77' lang='grc' dir='ltr'><strong><em>ἑλκυσθέντις</em></strong></span> <span class='ocrx_word' id='word_1_86' title='bbox 838 1248 1024 1336; x_wconf 72' lang='grc' dir='ltr'><strong><em>ἀπηγόμεθα</em></strong></span> <span class='ocrx_word' id='word_1_87' title='bbox 1047 1249 1101 1315; x_wconf 80' lang='lat' dir='ltr'><strong><em>dui</em></strong></span> <span class='ocrx_word' id='word_1_88' title='bbox 1122 1254 1168 1328; x_wconf 80' lang='grc' dir='ltr'><strong><em>ξι.</em></strong></span> 
     </span>
     <span class='ocr_line' id='line_1_11' title="bbox 28 1348 1167 1448; baseline -0.011 -22"><span class='ocrx_word' id='word_1_89' title='bbox 28 1363 148 1448; x_wconf 73' lang='grc' dir='ltr'><strong><em>λθφαῖν</em></strong></span> <span class='ocrx_word' id='word_1_90' title='bbox 168 1361 290 1442; x_wconf 77' lang='grc' dir='ltr'><strong><em>μυρίων</em></strong></span> <span class='ocrx_word' id='word_1_91' title='bbox 310 1356 564 1434; x_wconf 80' lang='grc' dir='ltr'><strong><em>άνατεινομὲνων,</em></strong></span> <span class='ocrx_word' id='word_1_92' title='bbox 584 1349 641 1416; x_wconf 80' lang='grc' dir='ltr'><strong><em>καί</em></strong></span> <span class='ocrx_word' id='word_1_93' title='bbox 660 1349 860 1438; x_wconf 84' lang='grc' dir='ltr'><strong><em>φρισσάνιων</em></strong></span> <span class='ocrx_word' id='word_1_94' title='bbox 881 1349 978 1415; x_wconf 72' lang='lat' dir='ltr'>riores*</span> <span class='ocrx_word' id='word_1_95' title='bbox 1005 1352 1061 1416; x_wconf 81' lang='grc' dir='ltr'><strong><em>καί</em></strong></span> <span class='ocrx_word' id='word_1_96' title='bbox 1077 1348 1167 1436; x_wconf 85' lang='grc' dir='ltr'><strong><em>λη’ϊον</em></strong></span> 
     </span>
     <span class='ocr_line' id='line_1_12' title="bbox 69 1447 1166 1539; baseline -0.011 -15"><span class='ocrx_word' id='word_1_97' title='bbox 69 1461 325 1539; x_wconf 71' lang='grc' dir='ltr'><strong><em>πεπυκνωμένον</em></strong></span> <span class='ocrx_word' id='word_1_98' title='bbox 346 1453 534 1538; x_wconf 83' lang='grc' dir='ltr'><strong><em>άσταχάεσι.</em></strong></span> <span class='ocrx_word' id='word_1_99' title='bbox 577 1452 633 1516; x_wconf 77' lang='grc' dir='ltr'><strong><em>κατ’</em></strong></span> <span class='ocrx_word' id='word_1_100' title='bbox 658 1447 836 1533; x_wconf 84' lang='grc' dir='ltr'><strong><em>ιάθαάμενοι</em></strong></span> <span class='ocrx_word' id='word_1_101' title='bbox 863 1454 922 1532; x_wconf 85' lang='grc' dir='ltr'><strong><em>μὲν</em></strong></span> <span class='ocrx_word' id='word_1_102' title='bbox 941 1451 997 1515; x_wconf 69' lang='grc' dir='ltr'><strong><em>κατ’</em></strong></span> <span class='ocrx_word' id='word_1_103' title='bbox 1021 1451 1166 1514; x_wconf 69' lang='lat' dir='ltr'>eruduit.</span> 
     </span>
     <span class='ocr_line' id='line_1_13' title="bbox 70 1547 1163 1641; baseline -0.007 -21"><span class='ocrx_word' id='word_1_104' title='bbox 70 1555 202 1639; x_wconf 83' lang='grc' dir='ltr'><strong><em>ζόμενοι</em></strong></span> <span class='ocrx_word' id='word_1_105' title='bbox 221 1557 278 1621; x_wconf 86' lang='grc' dir='ltr'><strong><em>καί</em></strong></span> <span class='ocrx_word' id='word_1_106' title='bbox 299 1549 409 1641; x_wconf 80' lang='grc' dir='ltr'><strong><em>άβρεις</em></strong></span> <span class='ocrx_word' id='word_1_107' title='bbox 433 1549 470 1618; x_wconf 80' lang='lat' dir='ltr'><strong><em>ori</em></strong></span> <span class='ocrx_word' id='word_1_108' title='bbox 492 1549 548 1626; x_wconf 86' lang='grc' dir='ltr'><strong><em>τάς</em></strong></span> <span class='ocrx_word' id='word_1_109' title='bbox 570 1555 605 1617; x_wconf 79' lang='grc' dir='ltr'><strong><em>ἐν</em></strong></span> <span class='ocrx_word' id='word_1_110' title='bbox 626 1547 694 1616; x_wconf 77' lang='grc' dir='ltr'><strong><em>ἔθει</em></strong></span> <span class='ocrx_word' id='word_1_111' title='bbox 716 1553 931 1632; x_wconf 78' lang='grc' dir='ltr'><strong><em>μανθάνοντες</em></strong></span> <span class='ocrx_word' id='word_1_112' title='bbox 949 1547 1108 1634; x_wconf 85' lang='grc' dir='ltr'><strong><em>μακάριον</em></strong></span> <span class='ocrx_word' id='word_1_113' title='bbox 1127 1549 1163 1614; x_wconf 88' lang='grc' dir='ltr'><strong><em>τό</em></strong></span> 
     </span>
     <span class='ocr_line' id='line_1_14' title="bbox 67 1645 1168 1740; baseline -0.007 -18"><span class='ocrx_word' id='word_1_114' title='bbox 67 1657 178 1733; x_wconf 81' lang='grc' dir='ltr'><strong><em>πάθος</em></strong></span> <span class='ocrx_word' id='word_1_115' title='bbox 195 1656 375 1740; x_wconf 80' lang='grc' dir='ltr'><strong><em>εἰιρίνομεν,</em></strong></span> <span class='ocrx_word' id='word_1_116' title='bbox 398 1651 565 1736; x_wconf 81' lang='grc' dir='ltr'><strong><em>εάχόμενοι</em></strong></span> <span class='ocrx_word' id='word_1_117' title='bbox 598 1654 631 1716; x_wconf 81' lang='grc' dir='ltr'><strong><em>όν</em></strong></span> <span class='ocrx_word' id='word_1_118' title='bbox 651 1651 806 1724; x_wconf 76' lang='grc' dir='ltr'><strong><em>τοιούτοις</em></strong></span> <span class='ocrx_word' id='word_1_119' title='bbox 826 1645 931 1715; x_wconf 82' lang='grc' dir='ltr'><strong><em>εἶναι·</em></strong></span> <span class='ocrx_word' id='word_1_120' title='bbox 982 1645 1035 1713; x_wconf 72' lang='grc' dir='ltr'><strong><em>ὅτε</em></strong></span> <span class='ocrx_word' id='word_1_121' title='bbox 1055 1652 1091 1716; x_wconf 81' lang='grc' dir='ltr'><strong><em>δὲ</em></strong></span> <span class='ocrx_word' id='word_1_122' title='bbox 1111 1651 1168 1714; x_wconf 75' lang='grc' dir='ltr'><strong><em>καί</em></strong></span> 
     </span>
     <span class='ocr_line' id='line_1_15' title="bbox 66 1747 1166 1841; baseline -0.006 -18"><span class='ocrx_word' id='word_1_123' title='bbox 66 1757 181 1841; x_wconf 90' lang='grc' dir='ltr'><strong><em>σπάθη</em></strong></span> <span class='ocrx_word' id='word_1_124' title='bbox 214 1753 299 1822; x_wconf 75' lang='grc' dir='ltr'><strong><em>καθ’</em></strong></span> <span class='ocrx_word' id='word_1_125' title='bbox 316 1754 407 1840; x_wconf 71' lang='grc' dir='ltr'><strong><em>ἡμῶν</em></strong></span> <span class='ocrx_word' id='word_1_126' title='bbox 427 1755 619 1838; x_wconf 79' lang='grc' dir='ltr'><strong><em>ἑγαυροάεο,</em></strong></span> <span class='ocrx_word' id='word_1_127' title='bbox 640 1749 694 1815; x_wconf 84' lang='grc' dir='ltr'><strong><em>καί</em></strong></span> <span class='ocrx_word' id='word_1_128' title='bbox 712 1747 886 1835; x_wconf 77' lang='grc' dir='ltr'><strong><em>παραξιφός</em></strong></span> <span class='ocrx_word' id='word_1_129' title='bbox 918 1748 1105 1830; x_wconf 76' lang='grc' dir='ltr'><strong><em>ἑπλαγιύιζεν</em></strong></span> <span class='ocrx_word' id='word_1_130' title='bbox 1123 1747 1166 1824; x_wconf 76' lang='grc' dir='ltr'><strong><em>σός</em></strong></span> 
     </span>
     <span class='ocr_line' id='line_1_16' title="bbox 23 1846 1165 1939; baseline -0.01 -16"><span class='ocrx_word' id='word_1_131' title='bbox 23 1873 57 1928; x_wconf 85' lang='grc'><strong><em>15</em></strong></span> <span class='ocrx_word' id='word_1_132' title='bbox 67 1858 116 1933; x_wconf 84' lang='grc' dir='ltr'><strong><em>εἰς</em></strong></span> <span class='ocrx_word' id='word_1_133' title='bbox 137 1856 302 1939; x_wconf 77' lang='grc' dir='ltr'><strong><em>σπλάγχνον</em></strong></span> <span class='ocrx_word' id='word_1_134' title='bbox 322 1857 486 1937; x_wconf 81' lang='grc' dir='ltr'><strong><em>βάψουσα,</em></strong></span> <span class='ocrx_word' id='word_1_135' title='bbox 504 1855 561 1916; x_wconf 79' lang='grc' dir='ltr'>καί</span> <span class='ocrx_word' id='word_1_136' title='bbox 581 1849 713 1935; x_wconf 79' lang='grc' dir='ltr'><strong><em>δοράτια</em></strong></span> <span class='ocrx_word' id='word_1_137' title='bbox 725 1849 765 1914; x_wconf 82' lang='grc' dir='ltr'><strong><em>τά</em></strong></span> <span class='ocrx_word' id='word_1_138' title='bbox 784 1853 843 1930; x_wconf 82' lang='grc' dir='ltr'><strong><em>μὲν</em></strong></span> <span class='ocrx_word' id='word_1_139' title='bbox 861 1846 951 1913; x_wconf 78' lang='grc' dir='ltr'><strong><em>ἔνθεν</em></strong></span> <span class='ocrx_word' id='word_1_140' title='bbox 969 1847 1010 1914; x_wconf 89' lang='grc' dir='ltr'><strong><em>τά</em></strong></span> <span class='ocrx_word' id='word_1_141' title='bbox 1032 1853 1060 1914; x_wconf 81' lang='grc' dir='ltr'><strong><em>δ’</em></strong></span> <span class='ocrx_word' id='word_1_142' title='bbox 1081 1851 1165 1914; x_wconf 82' lang='grc' dir='ltr'><strong><em>ἐκεῖ·</em></strong></span> 
     </span>
     <span class='ocr_line' id='line_1_17' title="bbox 65 1949 1165 2039; baseline -0.006 -19"><span class='ocrx_word' id='word_1_143' title='bbox 65 1962 129 2020; x_wconf 89' lang='grc' dir='ltr'><strong><em>θεν</em></strong></span> <span class='ocrx_word' id='word_1_144' title='bbox 149 1957 212 2019; x_wconf 75' lang='grc' dir='ltr'><strong><em>τάν</em></strong></span> <span class='ocrx_word' id='word_1_145' title='bbox 234 1956 379 2039; x_wconf 80' lang='grc' dir='ltr'><strong><em>πλευράν</em></strong></span> <span class='ocrx_word' id='word_1_146' title='bbox 406 1949 580 2016; x_wconf 85' lang='grc' dir='ltr'><strong><em>εάθάνοντο</em></strong></span> <span class='ocrx_word' id='word_1_147' title='bbox 600 1952 819 2036; x_wconf 78' lang='grc' dir='ltr'><strong><em>άπειλητικάς,</em></strong></span> <span class='ocrx_word' id='word_1_148' title='bbox 853 1950 921 2012; x_wconf 72' lang='grc' dir='ltr'><strong><em>ἀλλ’</em></strong></span> <span class='ocrx_word' id='word_1_149' title='bbox 942 1951 1086 2020; x_wconf 76' lang='grc' dir='ltr'><strong><em>ἐνταῦθα</em></strong></span> <span class='ocrx_word' id='word_1_150' title='bbox 1110 1953 1165 2013; x_wconf 76' lang='grc' dir='ltr'><strong><em>τά·</em></strong></span> 
     </span>
     <span class='ocr_line' id='line_1_18' title="bbox 64 2047 1165 2138; baseline -0.005 -20"><span class='ocrx_word' id='word_1_151' title='bbox 64 2053 131 2138; x_wconf 83' lang='grc' dir='ltr'><strong><em>χαί</em></strong></span> <span class='ocrx_word' id='word_1_152' title='bbox 149 2051 206 2118; x_wconf 72' lang='grc' dir='ltr'><strong><em>κατ’</em></strong></span> <span class='ocrx_word' id='word_1_153' title='bbox 225 2053 325 2135; x_wconf 84' lang='grc' dir='ltr'><strong><em>μόναι</em></strong></span> <span class='ocrx_word' id='word_1_154' title='bbox 353 2054 562 2137; x_wconf 81' lang='grc' dir='ltr'><strong><em>άντόπραττον</em></strong></span> <span class='ocrx_word' id='word_1_155' title='bbox 579 2051 714 2132; x_wconf 78' lang='grc' dir='ltr'><strong><em>βόθιαι·</em></strong></span> <span class='ocrx_word' id='word_1_156' title='bbox 765 2057 961 2132; x_wconf 83' lang='grc' dir='ltr'><strong><em>προενεγκεῖν</em></strong></span> <span class='ocrx_word' id='word_1_157' title='bbox 980 2049 1042 2132; x_wconf 85' lang='grc' dir='ltr'><strong><em>γάρ</em></strong></span> <span class='ocrx_word' id='word_1_158' title='bbox 1065 2047 1165 2124; x_wconf 84' lang='grc' dir='ltr'><strong><em>αάτάς</em></strong></span> 
     </span>
     <span class='ocr_line' id='line_1_19' title="bbox 66 2145 318 2236; baseline -0.004 -18"><span class='ocrx_word' id='word_1_159' title='bbox 66 2157 138 2230; x_wconf 73' lang='grc' dir='ltr'><strong><em>πῶς</em></strong></span> <span class='ocrx_word' id='word_1_160' title='bbox 157 2156 234 2218; x_wconf 80' lang='grc' dir='ltr'><strong><em>ποτὲ</em></strong></span> <span class='ocrx_word' id='word_1_161' title='bbox 255 2145 318 2236; x_wconf 70' lang='grc' dir='ltr'><strong><em>ἧος</em></strong></span> 
     </span>
     <span class='ocr_line' id='line_1_20' title="bbox 158 2245 1162 2331; baseline -0.006 -13"><span class='ocrx_word' id='word_1_162' title='bbox 158 2256 227 2320; x_wconf 79' lang='grc' dir='ltr'><strong><em>Καὶ</em></strong></span> <span class='ocrx_word' id='word_1_163' title='bbox 251 2251 312 2326; x_wconf 78' lang='grc' dir='ltr'><strong><em>ἕως</em></strong></span> <span class='ocrx_word' id='word_1_164' title='bbox 338 2253 399 2331; x_wconf 83' lang='grc' dir='ltr'><strong><em>μὲν</em></strong></span> <span class='ocrx_word' id='word_1_165' title='bbox 421 2253 477 2314; x_wconf 85' lang='grc' dir='ltr'><strong><em>καί</em></strong></span> <span class='ocrx_word' id='word_1_166' title='bbox 497 2253 555 2314; x_wconf 79' lang='grc' dir='ltr'><strong><em>τοῦ</em></strong></span> <span class='ocrx_word' id='word_1_167' title='bbox 581 2251 743 2313; x_wconf 79' lang='grc' dir='ltr'><strong><em>πολιτικοῦ</em></strong></span> <span class='ocrx_word' id='word_1_168' title='bbox 763 2249 835 2312; x_wconf 85' lang='grc' dir='ltr'><strong><em>καθ’</em></strong></span> <span class='ocrx_word' id='word_1_169' title='bbox 856 2247 939 2329; x_wconf 72' lang='grc' dir='ltr'><strong><em>η’μάς</em></strong></span> <span class='ocrx_word' id='word_1_170' title='bbox 961 2245 1162 2331; x_wconf 72' lang='grc' dir='ltr'><strong><em>ἱπποδρόμου</em></strong></span> 
     </span>
     <span class='ocr_line' id='line_1_21' title="bbox 17 2338 1163 2436; baseline -0.004 -19"><span class='ocrx_word' id='word_1_171' title='bbox 17 2349 202 2436; x_wconf 65' lang='grc' dir='ltr'><strong><em>νοτοιαότη·</em></strong></span> <span class='ocrx_word' id='word_1_172' title='bbox 222 2349 367 2430; x_wconf 78' lang='grc' dir='ltr'><strong><em>διάθεσις</em></strong></span> <span class='ocrx_word' id='word_1_173' title='bbox 389 2346 472 2434; x_wconf 76' lang='grc' dir='ltr'><strong><em>ἡμᾶς</em></strong></span> <span class='ocrx_word' id='word_1_174' title='bbox 491 2341 647 2411; x_wconf 79' lang='grc' dir='ltr'><strong><em>εόθυνεν·“</em></strong></span> <span class='ocrx_word' id='word_1_175' title='bbox 685 2349 754 2411; x_wconf 83' lang='grc' dir='ltr'><strong><em>ε’κεῖ</em></strong></span> <span class='ocrx_word' id='word_1_176' title='bbox 770 2347 806 2410; x_wconf 81' lang='grc' dir='ltr'><strong><em>δὲ</em></strong></span> <span class='ocrx_word' id='word_1_177' title='bbox 828 2343 881 2410; x_wconf 87' lang='grc' dir='ltr'><strong><em>τόν</em></strong></span> <span class='ocrx_word' id='word_1_178' title='bbox 904 2338 964 2430; x_wconf 72' lang='grc' dir='ltr'><strong><em>ἤδη</em></strong></span> <span class='ocrx_word' id='word_1_179' title='bbox 986 2349 1163 2412; x_wconf 81' lang='grc' dir='ltr'><strong><em>άποτεθόν-</em></strong></span> 
     </span>
    </p>
   </div>
   <div class='ocr_carea' id='block_1_3' title="bbox 59 2438 1161 2736">
    <p class='ocr_par' dir='ltr' id='par_1_3' title="bbox 59 2438 1161 2736">
     <span class='ocr_line' id='line_1_22' title="bbox 61 2438 1161 2535; baseline -0.007 -17"><span class='ocrx_word' id='word_1_180' title='bbox 61 2478 106 2518; x_wconf 82' lang='grc' dir='ltr'><strong><em>πα</em></strong></span> <span class='ocrx_word' id='word_1_181' title='bbox 127 2453 173 2528; x_wconf 80' lang='grc' dir='ltr'><strong><em>εἰς</em></strong></span> <span class='ocrx_word' id='word_1_182' title='bbox 193 2453 319 2535; x_wconf 84' lang='grc' dir='ltr'><strong><em>μνήμην</em></strong></span> <span class='ocrx_word' id='word_1_183' title='bbox 341 2452 500 2534; x_wconf 82' lang='grc' dir='ltr'><strong><em>Σιφάντον</em></strong></span> <span class='ocrx_word' id='word_1_184' title='bbox 520 2444 677 2531; x_wconf 77' lang='grc' dir='ltr'><strong><em>εὑρόντες,</em></strong></span> <span class='ocrx_word' id='word_1_185' title='bbox 697 2438 829 2508; x_wconf 83' lang='grc' dir='ltr'><strong><em>εόιππυν</em></strong></span> <span class='ocrx_word' id='word_1_186' title='bbox 850 2443 1000 2532; x_wconf 79' lang='grc' dir='ltr'><strong><em>ἑστηκότα</em></strong></span> <span class='ocrx_word' id='word_1_187' title='bbox 1020 2444 1102 2529; x_wconf 86' lang='grc' dir='ltr'><strong><em>μετά</em></strong></span> <span class='ocrx_word' id='word_1_188' title='bbox 1125 2469 1161 2529; x_wconf 85' lang='grc' dir='ltr'><strong><em>γε</em></strong></span> 
     </span>
     <span class='ocr_line' id='line_1_23' title="bbox 60 2540 1159 2634; baseline -0.008 -18"><span class='ocrx_word' id='word_1_189' title='bbox 60 2555 198 2616; x_wconf 79' lang='grc' dir='ltr'><strong><em>καὶτοῦ</em></strong></span> <span class='ocrx_word' id='word_1_190' title='bbox 220 2548 443 2634; x_wconf 77' lang='grc' dir='ltr'><strong><em>Μαοροζοόμη,</em></strong></span> <span class='ocrx_word' id='word_1_191' title='bbox 466 2551 522 2612; x_wconf 78' lang='grc' dir='ltr'><strong><em>κατ’</em></strong></span> <span class='ocrx_word' id='word_1_192' title='bbox 540 2547 750 2626; x_wconf 82' lang='grc' dir='ltr'><strong><em>σκεπτόμενον</em></strong></span> <span class='ocrx_word' id='word_1_193' title='bbox 779 2549 814 2610; x_wconf 74' lang='grc' dir='ltr'><strong><em>σι’</em></strong></span> <span class='ocrx_word' id='word_1_194' title='bbox 834 2540 875 2624; x_wconf 76' lang='lat' dir='ltr'><strong><em>dv,</em></strong></span> <span class='ocrx_word' id='word_1_195' title='bbox 893 2549 969 2629; x_wconf 74' lang='grc' dir='ltr'><strong><em>ἕλοι,</em></strong></span> <span class='ocrx_word' id='word_1_196' title='bbox 988 2544 1159 2628; x_wconf 85' lang='grc' dir='ltr'><strong><em>μεθειλκά-</em></strong></span> 
     </span>
     <span class='ocr_line' id='line_1_24' title="bbox 59 2641 1159 2736; baseline -0.007 -19"><span class='ocrx_word' id='word_1_197' title='bbox 59 2656 188 2736; x_wconf 87' lang='grc' dir='ltr'><strong><em>σθημεν</em></strong></span> <span class='ocrx_word' id='word_1_198' title='bbox 205 2649 260 2714; x_wconf 71' lang='grc' dir='ltr'><strong><em>ὑπ’</em></strong></span> <span class='ocrx_word' id='word_1_199' title='bbox 284 2652 402 2732; x_wconf 82' lang='grc' dir='ltr'><strong><em>αάτοό,</em></strong></span> <span class='ocrx_word' id='word_1_200' title='bbox 434 2648 515 2736; x_wconf 81' lang='grc' dir='ltr'><strong><em>λόγῳ</em></strong></span> <span class='ocrx_word' id='word_1_201' title='bbox 545 2651 604 2728; x_wconf 84' lang='grc' dir='ltr'><strong><em>μὲν</em></strong></span> <span class='ocrx_word' id='word_1_202' title='bbox 622 2649 666 2733; x_wconf 76' lang='grc' dir='ltr'><strong><em>τῷ</em></strong></span> <span class='ocrx_word' id='word_1_203' title='bbox 682 2643 725 2729; x_wconf 81' lang='grc' dir='ltr'><strong><em>μη“</em></strong></span> <span class='ocrx_word' id='word_1_204' title='bbox 757 2646 811 2713; x_wconf 78' lang='grc' dir='ltr'><strong><em>ε’πί</em></strong></span> <span class='ocrx_word' id='word_1_205' title='bbox 840 2650 933 2712; x_wconf 80' lang='grc' dir='ltr'><strong><em>πλέον</em></strong></span> <span class='ocrx_word' id='word_1_206' title='bbox 953 2641 1049 2710; x_wconf 87' lang='grc' dir='ltr'><strong><em>κόπον</em></strong></span> <span class='ocrx_word' id='word_1_207' title='bbox 1070 2651 1159 2728; x_wconf 73' lang='grc' dir='ltr'><strong><em>σχεῖν</em></strong></span> 
     </span>
    </p>
   </div>
   <div class='ocr_carea' id='block_1_4' title="bbox 51 2957 1155 3877">
    <p class='ocr_par' dir='ltr' id='par_1_4' title="bbox 51 2957 1155 3877">
     <span class='ocr_line' id='line_1_25' title="bbox 59 2957 1155 3030; baseline 0.001 -18"><span class='ocrx_word' id='word_1_208' title='bbox 59 2959 154 3012; x_wconf 81' lang='lat' dir='ltr'>dantis</span> <span class='ocrx_word' id='word_1_209' title='bbox 176 2966 223 3010; x_wconf 83' lang='lat' dir='ltr'><strong><em>eut</em></strong></span> <span class='ocrx_word' id='word_1_210' title='bbox 251 2959 381 3028; x_wconf 87' lang='lat' dir='ltr'>tempium</span> <span class='ocrx_word' id='word_1_211' title='bbox 412 2958 488 3009; x_wconf 78' lang='lat' dir='ltr'>aliud</span> <span class='ocrx_word' id='word_1_212' title='bbox 520 2957 666 3028; x_wconf 76' lang='lat' dir='ltr'>confugere</span> <span class='ocrx_word' id='word_1_213' title='bbox 698 2959 799 3030; x_wconf 85' lang='lat' dir='ltr'>(neque</span> <span class='ocrx_word' id='word_1_214' title='bbox 829 2960 900 3010; x_wconf 91' lang='lat' dir='ltr'>enim</span> <span class='ocrx_word' id='word_1_215' title='bbox 925 2959 1003 3012; x_wconf 85' lang='lat' dir='ltr'>nobis</span> <span class='ocrx_word' id='word_1_216' title='bbox 1035 2961 1155 3028; x_wconf 79' lang='lat' dir='ltr'>ignotum</span> 
     </span>
     <span class='ocr_line' id='line_1_26' title="bbox 59 3029 1154 3099; baseline -0.001 -17"><span class='ocrx_word' id='word_1_217' title='bbox 59 3039 142 3092; x_wconf 81' lang='lat' dir='ltr'>erat,</span> <span class='ocrx_word' id='word_1_218' title='bbox 170 3029 192 3080; x_wconf 87' lang='lat' dir='ltr'><strong><em>si</em></strong></span> <span class='ocrx_word' id='word_1_219' title='bbox 217 3032 305 3082; x_wconf 82' lang='lat' dir='ltr'>cuncti</span> <span class='ocrx_word' id='word_1_220' title='bbox 323 3030 430 3099; x_wconf 82' lang='lat' dir='ltr'><strong>profugi</strong></span> <span class='ocrx_word' id='word_1_221' title='bbox 450 3031 478 3081; x_wconf 90' lang='lat' dir='ltr'><strong><em>iu</em></strong></span> <span class='ocrx_word' id='word_1_222' title='bbox 497 3030 624 3081; x_wconf 80' lang='lat' dir='ltr'>ecclesiae</span> <span class='ocrx_word' id='word_1_223' title='bbox 647 3029 849 3093; x_wconf 79' lang='lat' dir='ltr'>confluxissent,</span> <span class='ocrx_word' id='word_1_224' title='bbox 867 3029 967 3082; x_wconf 81' lang='lat' dir='ltr'>multos</span> <span class='ocrx_word' id='word_1_225' title='bbox 985 3047 1077 3098; x_wconf 82' lang='lat' dir='ltr'>pressu</span> <span class='ocrx_word' id='word_1_226' title='bbox 1096 3031 1154 3083; x_wconf 86' lang='lat' dir='ltr'>suf-</span> 
     </span>
     <span class='ocr_line' id='line_1_27' title="bbox 58 3099 1154 3172; baseline 0.001 -19"><span class='ocrx_word' id='word_1_227' title='bbox 58 3103 168 3153; x_wconf 81' lang='lat' dir='ltr'>focatos</span> <span class='ocrx_word' id='word_1_228' title='bbox 197 3102 330 3168; x_wconf 79' lang='lat' dir='ltr'>perituros</span> <span class='ocrx_word' id='word_1_229' title='bbox 349 3102 437 3172; x_wconf 85' lang='lat' dir='ltr'>esse),</span> <span class='ocrx_word' id='word_1_230' title='bbox 466 3100 513 3151; x_wconf 85' lang='lat' dir='ltr'><strong><em>sed</em></strong></span> <span class='ocrx_word' id='word_1_231' title='bbox 534 3103 562 3152; x_wconf 91' lang='lat' dir='ltr'><strong><em>in</em></strong></span> <span class='ocrx_word' id='word_1_232' title='bbox 581 3099 660 3151; x_wconf 90' lang='lat' dir='ltr'>domo</span> <span class='ocrx_word' id='word_1_233' title='bbox 678 3117 727 3151; x_wconf 84' lang='lat' dir='ltr'><strong><em>noe</em></strong></span> <span class='ocrx_word' id='word_1_234' title='bbox 746 3102 944 3164; x_wconf 84' lang='lat' dir='ltr'><strong>continuimus,</strong></span> <span class='ocrx_word' id='word_1_235' title='bbox 972 3119 1044 3170; x_wconf 51' lang='lat' dir='ltr'><strong><em>¹quae</em></strong></span> <span class='ocrx_word' id='word_1_236' title='bbox 1066 3103 1154 3154; x_wconf 84' lang='lat' dir='ltr'>vivum</span> 
     </span>
     <span class='ocr_line' id='line_1_28' title="bbox 56 3171 1154 3242; baseline 0 -18"><span class='ocrx_word' id='word_1_237' title='bbox 56 3174 154 3225; x_wconf 81' lang='lat' dir='ltr'>fecere</span> <span class='ocrx_word' id='word_1_238' title='bbox 171 3180 292 3224; x_wconf 77' lang='lat' dir='ltr'>sanctum</span> <span class='ocrx_word' id='word_1_239' title='bbox 310 3172 403 3234; x_wconf 81' lang='lat' dir='ltr'>fertur,</span> <span class='ocrx_word' id='word_1_240' title='bbox 422 3180 504 3241; x_wconf 79' lang='lat' dir='ltr'>etque</span> <span class='ocrx_word' id='word_1_241' title='bbox 538 3172 659 3222; x_wconf 82' lang='lat' dir='ltr'>miserius</span> <span class='ocrx_word' id='word_1_242' title='bbox 676 3171 796 3225; x_wconf 71' lang='lat' dir='ltr'>infinitas</span> <span class='ocrx_word' id='word_1_243' title='bbox 819 3180 845 3224; x_wconf 86' lang='lat' dir='ltr'><strong><em>et</em></strong></span> <span class='ocrx_word' id='word_1_244' title='bbox 866 3173 957 3223; x_wconf 77' lang='lat' dir='ltr'>intuiti</span> <span class='ocrx_word' id='word_1_245' title='bbox 980 3181 1007 3223; x_wconf 87' lang='lat' dir='ltr'><strong><em>et</em></strong></span> <span class='ocrx_word' id='word_1_246' title='bbox 1023 3175 1154 3242; x_wconf 75' lang='lat' dir='ltr'>perpessi,</span> 
     </span>
     <span class='ocr_line' id='line_1_29' title="bbox 56 3241 1154 3314; baseline 0.001 -21"><span class='ocrx_word' id='word_1_247' title='bbox 56 3260 129 3314; x_wconf 84' lang='lat' dir='ltr'>quas</span> <span class='ocrx_word' id='word_1_248' title='bbox 151 3258 289 3311; x_wconf 84' lang='lat' dir='ltr'>superesse</span> <span class='ocrx_word' id='word_1_249' title='bbox 310 3259 360 3292; x_wconf 89' lang='lat' dir='ltr'><strong><em>nos</em></strong></span> <span class='ocrx_word' id='word_1_250' title='bbox 378 3243 513 3304; x_wconf 79' lang='lat' dir='ltr'>miramur,</span> <span class='ocrx_word' id='word_1_251' title='bbox 539 3250 674 3311; x_wconf 90' lang='lat' dir='ltr'>postremo</span> <span class='ocrx_word' id='word_1_252' title='bbox 694 3241 786 3303; x_wconf 83' lang='lat' dir='ltr'>barbo,</span> <span class='ocrx_word' id='word_1_253' title='bbox 808 3251 837 3294; x_wconf 92' lang='lat' dir='ltr'><strong><em>ut</em></strong></span> <span class='ocrx_word' id='word_1_254' title='bbox 855 3245 940 3305; x_wconf 83' lang='lat' dir='ltr'>aiunt,</span> <span class='ocrx_word' id='word_1_255' title='bbox 959 3242 1086 3293; x_wconf 77' lang='lat' dir='ltr'>abstracti</span> <span class='ocrx_word' id='word_1_256' title='bbox 1104 3261 1154 3312; x_wconf 87' lang='lat' dir='ltr'><strong><em>per</em></strong></span> 
     </span>
     <span class='ocr_line' id='line_1_30' title="bbox 56 3312 1152 3382; baseline 0.001 -17"><span class='ocrx_word' id='word_1_257' title='bbox 56 3331 141 3365; x_wconf 82' lang='lat' dir='ltr'>enses</span> <span class='ocrx_word' id='word_1_258' title='bbox 174 3313 386 3364; x_wconf 80' lang='lat' dir='ltr'>innumerabiles</span> <span class='ocrx_word' id='word_1_259' title='bbox 411 3315 518 3365; x_wconf 79' lang='lat' dir='ltr'>strictos</span> <span class='ocrx_word' id='word_1_260' title='bbox 551 3312 744 3382; x_wconf 81' lang='lat' dir='ltr'>horrentesque</span> <span class='ocrx_word' id='word_1_261' title='bbox 773 3321 902 3382; x_wconf 79' lang='lat' dir='ltr'>tanquam</span> <span class='ocrx_word' id='word_1_262' title='bbox 930 3321 1047 3379; x_wconf 77' lang='lat' dir='ltr'>segetem</span> <span class='ocrx_word' id='word_1_263' title='bbox 1071 3315 1152 3382; x_wconf 79' lang='lat' dir='ltr'>spinis</span> 
     </span>
     <span class='ocr_line' id='line_1_31' title="bbox 55 3383 1151 3455; baseline 0 -19"><span class='ocrx_word' id='word_1_264' title='bbox 55 3386 174 3454; x_wconf 82' lang='lat' dir='ltr'>spissam</span> <span class='ocrx_word' id='word_1_265' title='bbox 193 3383 401 3434; x_wconf 83' lang='lat' dir='ltr'>deducebamur.</span> <span class='ocrx_word' id='word_1_266' title='bbox 419 3385 513 3455; x_wconf 82' lang='lat' dir='ltr'>itaque</span> <span class='ocrx_word' id='word_1_267' title='bbox 532 3383 595 3436; x_wconf 88' lang='lat' dir='ltr'><strong><em>dum</em></strong></span> <span class='ocrx_word' id='word_1_268' title='bbox 613 3383 803 3435; x_wconf 83' lang='lat' dir='ltr'>contundimur</span> <span class='ocrx_word' id='word_1_269' title='bbox 822 3391 850 3434; x_wconf 91' lang='lat' dir='ltr'><strong><em>et</em></strong></span> <span class='ocrx_word' id='word_1_270' title='bbox 868 3384 1026 3435; x_wconf 81' lang='lat' dir='ltr'>vellicnmur</span> <span class='ocrx_word' id='word_1_271' title='bbox 1044 3393 1070 3435; x_wconf 90' lang='lat' dir='ltr'><strong><em>et</em></strong></span> <span class='ocrx_word' id='word_1_272' title='bbox 1083 3402 1151 3436; x_wconf 85' lang='lat' dir='ltr'>cou-</span> 
     </span>
     <span class='ocr_line' id='line_1_32' title="bbox 55 3451 1152 3525; baseline -0.002 -17"><span class='ocrx_word' id='word_1_273' title='bbox 55 3455 188 3508; x_wconf 80' lang='lat' dir='ltr'>tumeline</span> <span class='ocrx_word' id='word_1_274' title='bbox 205 3455 279 3506; x_wconf 81' lang='lat' dir='ltr'>haud</span> <span class='ocrx_word' id='word_1_275' title='bbox 297 3456 419 3520; x_wconf 79' lang='lat' dir='ltr'>vulgares</span> <span class='ocrx_word' id='word_1_276' title='bbox 439 3455 600 3525; x_wconf 74' lang='lat' dir='ltr'>experimur,</span> <span class='ocrx_word' id='word_1_277' title='bbox 627 3454 733 3506; x_wconf 73' lang='lat' dir='ltr'>bostem</span> <span class='ocrx_word' id='word_1_278' title='bbox 755 3462 846 3506; x_wconf 79' lang='lat' dir='ltr'>tumen</span> <span class='ocrx_word' id='word_1_279' title='bbox 866 3472 924 3506; x_wconf 82' lang='lat' dir='ltr'><strong><em>eem</em></strong></span> <span class='ocrx_word' id='word_1_280' title='bbox 944 3451 1080 3506; x_wconf 78' lang='lat' dir='ltr'>miseriem</span> <span class='ocrx_word' id='word_1_281' title='bbox 1099 3455 1152 3506; x_wconf 82' lang='lat' dir='ltr'><strong><em>du·</em></strong></span> 
     </span>
     <span class='ocr_line' id='line_1_33' title="bbox 54 3523 1153 3596; baseline -0.001 -18"><span class='ocrx_word' id='word_1_282' title='bbox 54 3526 197 3586; x_wconf 81' lang='lat' dir='ltr'>cebamus,</span> <span class='ocrx_word' id='word_1_283' title='bbox 218 3525 469 3595; x_wconf 76' lang='lat' dir='ltr'>gaudebamueque‚</span> <span class='ocrx_word' id='word_1_284' title='bbox 490 3523 563 3595; x_wconf 85' lang='lat' dir='ltr'>quod</span> <span class='ocrx_word' id='word_1_285' title='bbox 584 3527 622 3576; x_wconf 86' lang='lat' dir='ltr'><strong><em>itu</em></strong></span> <span class='ocrx_word' id='word_1_286' title='bbox 649 3525 839 3592; x_wconf 76' lang='lat' dir='ltr'>affligeremur3</span> <span class='ocrx_word' id='word_1_287' title='bbox 864 3543 947 3596; x_wconf 91' lang='lat' dir='ltr'>quum</span> <span class='ocrx_word' id='word_1_288' title='bbox 965 3534 1054 3576; x_wconf 81' lang='lat' dir='ltr'>autem</span> <span class='ocrx_word' id='word_1_289' title='bbox 1074 3529 1153 3577; x_wconf 83' lang='lat' dir='ltr'>enses</span> 
     </span>
     <span class='ocr_line' id='line_1_34' title="bbox 54 3595 1155 3664; baseline 0 -16"><span class='ocrx_word' id='word_1_290' title='bbox 54 3600 87 3648; x_wconf 89' lang='lat' dir='ltr'><strong><em>in</em></strong></span> <span class='ocrx_word' id='word_1_291' title='bbox 115 3613 167 3646; x_wconf 89' lang='lat' dir='ltr'><strong><em>nos</em></strong></span> <span class='ocrx_word' id='word_1_292' title='bbox 186 3595 441 3664; x_wconf 84' lang='lat' dir='ltr'>destringebantur,</span> <span class='ocrx_word' id='word_1_293' title='bbox 467 3605 494 3648; x_wconf 87' lang='lat' dir='ltr'><strong><em>et</em></strong></span> <span class='ocrx_word' id='word_1_294' title='bbox 529 3598 610 3664; x_wconf 84' lang='lat' dir='ltr'>pugio</span> <span class='ocrx_word' id='word_1_295' title='bbox 629 3611 662 3649; x_wconf 86' lang='lat' dir='ltr'><strong><em>ex</em></strong></span> <span class='ocrx_word' id='word_1_296' title='bbox 690 3602 839 3646; x_wconf 75' lang='lat' dir='ltr'>transverso</span> <span class='ocrx_word' id='word_1_297' title='bbox 865 3597 945 3648; x_wconf 84' lang='lat' dir='ltr'>uobis</span> <span class='ocrx_word' id='word_1_298' title='bbox 963 3595 1155 3648; x_wconf 78' lang='lat' dir='ltr'>intendebatur</span> 
     </span>
     <span class='ocr_line' id='line_1_35' title="bbox 53 3666 1153 3735; baseline -0.001 -15"><span class='ocrx_word' id='word_1_299' title='bbox 53 3676 191 3735; x_wconf 76' lang='lat' dir='ltr'>tanquam</span> <span class='ocrx_word' id='word_1_300' title='bbox 210 3668 238 3718; x_wconf 88' lang='lat' dir='ltr'><strong><em>in</em></strong></span> <span class='ocrx_word' id='word_1_301' title='bbox 260 3669 361 3718; x_wconf 82' lang='lat' dir='ltr'>viscera</span> <span class='ocrx_word' id='word_1_302' title='bbox 382 3666 598 3728; x_wconf 64' lang='lat' dir='ltr'>abscondendus,</span> <span class='ocrx_word' id='word_1_303' title='bbox 613 3675 640 3716; x_wconf 88' lang='lat' dir='ltr'><strong><em>et</em></strong></span> <span class='ocrx_word' id='word_1_304' title='bbox 661 3666 751 3717; x_wconf 76' lang='lat' dir='ltr'>hastae</span> <span class='ocrx_word' id='word_1_305' title='bbox 771 3666 835 3716; x_wconf 88' lang='lat' dir='ltr'>hino</span> <span class='ocrx_word' id='word_1_306' title='bbox 853 3667 930 3718; x_wconf 87' lang='lat' dir='ltr'>illine</span> <span class='ocrx_word' id='word_1_307' title='bbox 950 3667 1078 3718; x_wconf 85' lang='lat' dir='ltr'>lateribus</span> <span class='ocrx_word' id='word_1_308' title='bbox 1100 3669 1153 3719; x_wconf 88' lang='lat' dir='ltr'><strong><em>im·</em></strong></span> 
     </span>
     <span class='ocr_line' id='line_1_36' title="bbox 51 3737 1153 3808; baseline 0.001 -19"><span class='ocrx_word' id='word_1_309' title='bbox 51 3737 209 3799; x_wconf 84' lang='lat' dir='ltr'>minebsnt,</span> <span class='ocrx_word' id='word_1_310' title='bbox 230 3747 287 3789; x_wconf 89' lang='lat' dir='ltr'><strong><em>tum</em></strong></span> <span class='ocrx_word' id='word_1_311' title='bbox 304 3754 367 3791; x_wconf 78' lang='lat' dir='ltr'>uero</span> <span class='ocrx_word' id='word_1_312' title='bbox 387 3755 443 3790; x_wconf 87' lang='lat' dir='ltr'><strong><em>non</em></strong></span> <span class='ocrx_word' id='word_1_313' title='bbox 463 3738 514 3790; x_wconf 83' lang='lat' dir='ltr'>uisi</span> <span class='ocrx_word' id='word_1_314' title='bbox 532 3754 624 3805; x_wconf 84' lang='lat' dir='ltr'>preces</span> <span class='ocrx_word' id='word_1_315' title='bbox 636 3738 664 3788; x_wconf 88' lang='lat' dir='ltr'><strong><em>iu</em></strong></span> <span class='ocrx_word' id='word_1_316' title='bbox 682 3737 735 3787; x_wconf 91' lang='lat' dir='ltr'><strong><em>imo</em></strong></span> <span class='ocrx_word' id='word_1_317' title='bbox 749 3745 859 3806; x_wconf 84' lang='lat' dir='ltr'>pectore</span> <span class='ocrx_word' id='word_1_318' title='bbox 877 3738 1066 3790; x_wconf 67' lang='lat' dir='ltr'>volvebamus</span> <span class='ocrx_word' id='word_1_319' title='bbox 1087 3753 1153 3808; x_wconf 82' lang='lat' dir='ltr'><strong><em>pro·</em></strong></span> 
     </span>
     <span class='ocr_line' id='line_1_37' title="bbox 51 3807 680 3877; baseline -0.002 -17"><span class='ocrx_word' id='word_1_320' title='bbox 51 3811 130 3860; x_wconf 81' lang='lat' dir='ltr'>serre</span> <span class='ocrx_word' id='word_1_321' title='bbox 150 3809 223 3860; x_wconf 86' lang='lat' dir='ltr'>enim</span> <span class='ocrx_word' id='word_1_322' title='bbox 243 3810 305 3860; x_wconf 81' lang='lat' dir='ltr'>iiius</span> <span class='ocrx_word' id='word_1_323' title='bbox 324 3808 461 3877; x_wconf 87' lang='lat' dir='ltr'>quomodo</span> <span class='ocrx_word' id='word_1_324' title='bbox 480 3807 680 3877; x_wconf 78' lang='lat' dir='ltr'>potuissemus?</span> 
     </span>
    </p>
   </div>
   <div class='ocr_carea' id='block_1_5' title="bbox 46 3894 1152 4250">
    <p class='ocr_par' dir='ltr' id='par_1_5' title="bbox 46 3894 1152 4250">
     <span class='ocr_line' id='line_1_38' title="bbox 126 3894 1152 3966; baseline 0.004 -22"><span class='ocrx_word' id='word_1_325' title='bbox 126 3895 300 3948; x_wconf 80' lang='lat' dir='ltr'>Ducebamur</span> <span class='ocrx_word' id='word_1_326' title='bbox 324 3905 414 3948; x_wconf 81' lang='lat' dir='ltr'>eutem</span> <span class='ocrx_word' id='word_1_327' title='bbox 437 3898 490 3947; x_wconf 90' lang='lat' dir='ltr'>isto</span> <span class='ocrx_word' id='word_1_328' title='bbox 508 3895 641 3948; x_wconf 81' lang='lat' dir='ltr'>modoad</span> <span class='ocrx_word' id='word_1_329' title='bbox 663 3894 872 3966; x_wconf 84' lang='lat' dir='ltr'>hippodromum</span> <span class='ocrx_word' id='word_1_330' title='bbox 897 3911 980 3964; x_wconf 88' lang='lat' dir='ltr'>usque</span> <span class='ocrx_word' id='word_1_331' title='bbox 1007 3895 1081 3946; x_wconf 86' lang='lat' dir='ltr'>urbis</span> <span class='ocrx_word' id='word_1_332' title='bbox 1099 3913 1152 3948; x_wconf 87' lang='lat' dir='ltr'><strong><em>no-</em></strong></span> 
     </span>
     <span class='ocr_line' id='line_1_39' title="bbox 49 3966 1151 4037; baseline 0.001 -20"><span class='ocrx_word' id='word_1_333' title='bbox 49 3973 145 4030; x_wconf 76' lang='lat' dir='ltr'>stree;</span> <span class='ocrx_word' id='word_1_334' title='bbox 167 3966 205 4016; x_wconf 89' lang='lat' dir='ltr'><strong><em>ibi</em></strong></span> <span class='ocrx_word' id='word_1_335' title='bbox 235 3974 324 4018; x_wconf 80' lang='lat' dir='ltr'>autem</span> <span class='ocrx_word' id='word_1_336' title='bbox 351 3983 434 4037; x_wconf 89' lang='lat' dir='ltr'>quum</span> <span class='ocrx_word' id='word_1_337' title='bbox 463 3968 658 4017; x_wconf 75' lang='lat' dir='ltr'>invenissemus</span> <span class='ocrx_word' id='word_1_338' title='bbox 688 3967 785 4017; x_wconf 79' lang='lat' dir='ltr'>bentne</span> <span class='ocrx_word' id='word_1_339' title='bbox 811 3967 863 4016; x_wconf 78' lang='lat' dir='ltr'>iarn</span> <span class='ocrx_word' id='word_1_340' title='bbox 892 3966 1038 4016; x_wconf 76' lang='lat' dir='ltr'>memoriae</span> <span class='ocrx_word' id='word_1_341' title='bbox 1057 3968 1151 4030; x_wconf 71' lang='lat' dir='ltr'>vitum,</span> 
     </span>
     <span class='ocr_line' id='line_1_40' title="bbox 48 4037 1152 4108; baseline 0.004 -22"><span class='ocrx_word' id='word_1_342' title='bbox 48 4037 227 4105; x_wconf 84' lang='lat' dir='ltr'>Sipbantum,</span> <span class='ocrx_word' id='word_1_343' title='bbox 248 4053 380 4102; x_wconf 78' lang='lat' dir='ltr'>generoso</span> <span class='ocrx_word' id='word_1_344' title='bbox 399 4053 471 4108; x_wconf 89' lang='lat' dir='ltr'>equo</span> <span class='ocrx_word' id='word_1_345' title='bbox 492 4037 738 4089; x_wconf 83' lang='lat' dir='ltr'>insidentemoum</span> <span class='ocrx_word' id='word_1_346' title='bbox 758 4038 928 4088; x_wconf 76' lang='lat' dir='ltr'>Meuroeoma</span> <span class='ocrx_word' id='word_1_347' title='bbox 946 4047 973 4088; x_wconf 91' lang='lat' dir='ltr'><strong><em>et</em></strong></span> <span class='ocrx_word' id='word_1_348' title='bbox 992 4038 1152 4108; x_wconf 72' lang='lat' dir='ltr'>circumspi-</span> 
     </span>
     <span class='ocr_line' id='line_1_41' title="bbox 46 4106 1150 4178; baseline 0.002 -21"><span class='ocrx_word' id='word_1_349' title='bbox 46 4109 182 4169; x_wconf 85' lang='lat' dir='ltr'>cientem,</span> <span class='ocrx_word' id='word_1_350' title='bbox 200 4106 267 4177; x_wconf 88' lang='lat' dir='ltr'>qnid</span> <span class='ocrx_word' id='word_1_351' title='bbox 284 4117 391 4176; x_wconf 83' lang='lat' dir='ltr'>ageret,</span> <span class='ocrx_word' id='word_1_352' title='bbox 409 4109 515 4178; x_wconf 82' lang='lat' dir='ltr'>excepti</span> <span class='ocrx_word' id='word_1_353' title='bbox 535 4108 568 4159; x_wconf 90' lang='lat' dir='ltr'><strong><em>nb</em></strong></span> <span class='ocrx_word' id='word_1_354' title='bbox 599 4125 632 4159; x_wconf 85' lang='lat' dir='ltr'><strong><em>eo</em></strong></span> <span class='ocrx_word' id='word_1_355' title='bbox 654 4124 762 4170; x_wconf 84' lang='lat' dir='ltr'>sumus,</span> <span class='ocrx_word' id='word_1_356' title='bbox 780 4123 815 4157; x_wconf 90' lang='lat' dir='ltr'><strong><em>ne</em></strong></span> <span class='ocrx_word' id='word_1_357' title='bbox 836 4107 940 4160; x_wconf 80' lang='lat' dir='ltr'>scilicet</span> <span class='ocrx_word' id='word_1_358' title='bbox 959 4107 1061 4162; x_wconf 88' lang='lat' dir='ltr'>diutius</span> <span class='ocrx_word' id='word_1_359' title='bbox 1082 4109 1150 4160; x_wconf 82' lang='lat' dir='ltr'>aiiii-</span> 
     </span>
     <span class='ocr_line' id='line_1_42' title="bbox 46 4178 1147 4250; baseline 0.005 -21"><span class='ocrx_word' id='word_1_360' title='bbox 46 4187 162 4246; x_wconf 82' lang='lat' dir='ltr'>geretur</span> <span class='ocrx_word' id='word_1_361' title='bbox 180 4179 341 4248; x_wconf 88' lang='lat' dir='ltr'>episcopus,</span> <span class='ocrx_word' id='word_1_362' title='bbox 368 4195 460 4233; x_wconf 83' lang='lat' dir='ltr'>revers</span> <span class='ocrx_word' id='word_1_363' title='bbox 491 4187 598 4242; x_wconf 83' lang='lat' dir='ltr'>autem,</span> <span class='ocrx_word' id='word_1_364' title='bbox 628 4187 659 4230; x_wconf 94' lang='lat' dir='ltr'><strong><em>ut</em></strong></span> <span class='ocrx_word' id='word_1_365' title='bbox 675 4179 727 4230; x_wconf 77' lang='lat' dir='ltr'>utin</span> <span class='ocrx_word' id='word_1_366' title='bbox 749 4180 840 4248; x_wconf 82' lang='lat' dir='ltr'>peiore</span> <span class='ocrx_word' id='word_1_367' title='bbox 859 4178 1050 4250; x_wconf 79' lang='lat' dir='ltr'>experiremur.</span> <span class='ocrx_word' id='word_1_368' title='bbox 1086 4197 1147 4234; x_wconf 82' lang='lat' dir='ltr'>nans</span> 
     </span>
    </p>
   </div>
   <div class='ocr_carea' id='block_1_6' title="bbox 0 0 1450 4904">
    <p class='ocr_par' dir='ltr' id='par_1_6' title="bbox 0 0 1450 4904">
     <span class='ocr_line' id='line_1_43' title="bbox 0 0 1450 4904; baseline 0 10"><span class='ocrx_word' id='word_1_369' title='bbox 0 0 1450 4904; x_wconf 95' lang='lat' dir='ltr'><strong><em> </em></strong></span> 
     </span>
    </p>
   </div>
  </div>
 </body>
</html>
