2838 4902
271 298 346 377 tro
693 311 946 378 nusrtrruus

270 463 316 550 τῷ
336 457 554 546 καμικάτερον
571 458 605 527 τά
627 463 741 542 *λπαῑζι
764 464 851 543 παῖζ’
873 463 928 528 λιιι·
947 467 1162 548 σομφοραϊς,”
1182 458 1273 537 siric
1289 459 1342 546 ἔφη

271 559 327 627 καὶ
346 559 523 646 ποδοκάιιην
543 559 598 626 καὶ
618 563 810 646 χειροπέδας
837 561 894 628 scs*
906 558 1018 630 ’κλοιδν
1046 563 1284 646 περιτραχήλιον
1300 558 1345 624 καί

164 719 170 734 ,
270 655 329 726 ὅσα
350 659 459 726 τοιάδε
474 658 725 746 μηχανήσασθαι
746 663 792 748 spi
805 663 974 752 Κομνηνιβ,
995 663 1037 726 δι’
1061 653 1108 726 οἷν
1126 664 1285 744 κατέχοιτο
1302 651 1343 723 sis.

269 755 358 826 εἶπεν
390 762 505 835 ε’νεδνος
529 763 654 841 ταῦτα,
678 759 732 826 uui
750 757 781 824 οἱ
809 761 921 826 πολλοὶ
947 761 1103 847 α’φεάρων
1125 757 1207 847 πρός
1225 753 1346 823 §nivosis

269 883 352 937 τινος
370 857 592 944 χαλκεάματος
612 863 668 926 κατ’
686 866 775 938 “ιιά’ς
793 858 886 927 ἔσται
899 863 1039 944 ταῦτα;”
1060 858 1177 945 ἔλεγον.
1221 853 1238 924 δ
1260 859 1288 922 δ’
1304 858 1368 920 sti-ts

268 957 333 1036 θάς
355 959 535 1044 πλαγιάσας
555 957 589 1026 τά
612 962 667 1044 τῆς
688 963 827 1048 κεφαλῆς
845 960 1009 1044 κάλυμμα,
1029 960 1084 1026 sci
1103 960 1161 1045 τὴν
1181 957 1288 1036 δεξιάν
1305 959 1347 1021 ssi·

268 1061 399 1136 θττίοας
426 1057 471 1136 εἰς
503 1059 610 1143 α’έριον
630 1061 803 1148 στανρικὸν
825 1058 998 1145 χάραγμα,
1020 1067 1211 1146 κατακροτεῖ
1227 1055 1349 1140 δεσμοδς

270 1156 343 1234 τούς
364 1159 559 1244 ἀρέσοντας,
588 1162 644 1226 καί
664 1161 855 1248 άμφιβαλάν
873 1160 1066 1246 ἱεραρχικιδς
1086 1162 1195 1242 ἐπέχει
1219 1155 1276 1224 τὸν
1295 1159 1351 1222 tes·

269 1257 435 1342 δράνικον,
462 1259 517 1322 καὶ
546 1261 694 1347 α’φοριζει
720 1258 790 1326 ὅσοι
810 1253 885 1346 εὗρε
902 1264 1055 1342 μένοντα,
1079 1261 1134 1324 καί
1155 1256 1352 1340 κατασκήπτει

269 1355 314 1442 μὴ
353 1352 393 1424 δν
427 1361 558 1445 α’φιῐνοι
586 1358 642 1444 τήν
670 1362 761 1426 πόλιν
789 1359 844 1426 καί
874 1352 972 1446 άλλην
999 1360 1169 1446 τραπῆναι.
1222 1356 1299 1422 ὅδὲ
1316 1355 1388 1432 uicit

270 1455 430 1542 άβοάλητα
451 1460 549 1544 δῆθεν
580 1459 696 1525 παθιόν
716 1464 910 1544 καταβοάται
929 1461 989 1526 τοῦ
1007 1459 1212 1544 πατριάρχου
1232 1451 1287 1525 οἶα
1306 1453 1353 1520 ct-

270 1584 315 1624 τω
337 1555 637 1642 καταδήσαντοςτδν
657 1563 782 1644 τρέχειν
802 1559 945 1643 ἕτοιμον·
986 1557 1043 1624 καί
1061 1551 1186 1638 *εἵμαθ’
1205 1562 1295 1643 φησι,
1311 1560 1357 1621 “τι’

269 1665 380 1737 noscis,
403 1659 539 1723 δέσποτα
546 1665 578 1740 ,·”
598 1659 653 1724 sui
674 1657 778 1743 συχνά
792 1663 884 1725 τοῦτο
904 1657 1117 1744 λογοκοπὴσας
1134 1649 1259 1723 άνεισιν
1276 1655 1355 1740 ὑψοῦ

269 1755 425 1835 στενάζων
447 1756 491 1833 οδς
510 1760 565 1822 ἐπὶ
582 1758 709 1848 μεγάλῳ
731 1762 825 1848 κακιβ.
879 1759 934 1825 καί
955 1756 972 1824 δ
995 1758 1197 1846 πατριάρχης
1220 1755 1356 1822 δπειπάν
1416 1807 1417 1846 3

268 1853 304 1921 τά
327 1858 476 1921 δοκοῦντα
491 1854 641 1942 ἡσύχαζε.
1364 1864 1388 1916 ti
1416 1851 1417 1858 '

352 1958 422 2020 Καὶ
439 1961 496 2022 τοῦ
515 1962 641 2038 λοιποῦ,
664 1959 774 2046 ἲναμῆ
798 1960 857 2045 τὴν
878 1955 1030 2044 κοσμικὴν
1052 1959 1167 2044 αἠδίαν
1188 1957 1358 2039 α’δολεσχά,

267 2056 391 2138 γίνεται
416 2057 481 2122 τιδν
510 2061 613 2123 κακοῖν
637 2058 755 2146 δρόμος
783 2061 829 2136 εἰς
857 2057 913 2125 τὸν
933 2061 1098 2144 περιδοξον
1118 2057 1198 2123 ναὸν
1223 2061 1283 2122 susi
1301 2081 1358 2121 σοι-

267 2158 360 2237 τῆρος
380 2159 528 2242 Χριστοῦ
554 2161 612 2223 τοῦ
630 2165 800 2244 χαλκίτοο,
830 2163 885 2226 καί
904 2161 1049 2246 εδφημιόι
1082 2159 1140 2224 τοῦ
1159 2159 1358 2240 Ἀνδρονιλον

268 2247 397 2332 ἄκοντος
429 2259 475 2332 εἰς
495 2263 649 2346 βασιλέα,
670 2259 714 2336 οὖς
743 2259 783 2325 άν
807 2261 863 2326 soi
877 2258 981 2326 ἀδιοί
1005 2261 1062 2324 καί
1085 2261 1202 2335 ἐκεῖνος
1223 2255 1357 2324 εἴποιεν·

267 2350 337 2420 εἶτα
355 2359 411 2422 καί
442 2359 498 2441 βία
519 2361 565 2434 εἰς
601 2363 733 2441 ἐκεῖνον,
755 2359 800 2435 ὥς
827 2363 882 2425 καί
899 2359 944 2445 μὴ
969 2361 1090 2425 ἐθέλων
1111 2355 1253 2445 α’ρχηγός
1274 2357 1387 2440 turtur

266 2461 369 2539 γενοῦ,
392 2461 445 2524 καί
462 2463 625 2543 περίθεσις
646 2459 845 2545 παρασήμων
878 2463 918 2548 τῇ
942 2460 1088 2547 βασιλείᾳ
1110 2461 1259 2539 πεδίλων,
1282 2459 1357 2523 s'srr'·

268 2579 322 2620 νου
344 2556 388 2638 μὴ
419 2563 631 2634 καθιστάντος
658 2557 732 2636 roric
757 2557 876 2646 πόδας,
900 2561 954 2625 καί
981 2562 1146 2644 τιερι’δνσις
1163 2559 1359 2643 διαδήματος

267 2661 321 2720 καί
342 2657 433 2742 ῥῖψις
452 2663 513 2740 μὲν
533 2663 688 2724 καπνικοῦ
706 2660 908 2742 καλάμματος
937 2663 996 2724 τοῦ
1018 2659 1094 2742 περὶ
1114 2656 1269 2744 κεφαλήν,
1289 2653 1357 2736 ὅπερ

265 2754 418 2835 Λαζόθεν
445 2753 513 2841 εἶχε
547 2758 603 2842 τὴν
631 2759 782 2846 ἀφορμὴν
801 2763 846 2837 εἰς
875 2759 1034 2843 σύμβολον
1056 2749 1101 2822 ὧν
1124 2755 1235 2839 ἔμελλε
1256 2757 1358 2842 καπνῷ

266 3053 323 3098 rata
333 3045 434 3100 hahere
447 3047 480 3100 ad
493 3049 663 3102 retinendum
677 3050 853 3106 Comnenuns.
873 3051 970 3123 quibus
982 3050 1093 3114 auditis,
1109 3049 1310 3122 exspectabant
1322 3051 1358 3102 itti
1414 3067 1415 3094 ι

265 3118 401 3170 vinciendi
419 3121 572 3184 consilium,
592 3122 794 3193 rogabantque,
811 3124 878 3194 quid
905 3123 1014 3176 taudem
1033 3122 1107 3174 istud
1125 3123 1206 3175 toret.
1243 3121 1298 3174 iile
1316 3140 1358 3172 au-

265 3198 329 3254 tem,
345 3191 424 3242 mitra
442 3192 516 3243 iliico
538 3193 619 3262 capiti
636 3201 784 3246 transverso
803 3195 937 3264 imposita,
956 3202 984 3245 et
1001 3194 1096 3246 deutra
1107 3193 1141 3244 ad
1161 3193 1249 3245 crucis
1272 3193 1358 3244 aeriae

265 3263 371 3330 riguum
380 3271 463 3327 mota,
481 3273 589 3333 quassat
601 3257 707 3316 vincula
723 3273 851 3336 exoptata
864 3274 891 3318 ct
902 3264 1053 3318 Andronico
1071 3265 1171 3329 iniicit,
1192 3264 1359 3334 cohibetque

266 3349 327 3386 eum
348 3341 483 3404 potestate
511 3333 699 3404 patriarchali,
721 3346 749 3388 ct
773 3335 891 3388 includit
920 3336 1019 3388 finibus
1047 3337 1090 3399 iis,
1111 3337 1182 3387 intra
1209 3352 1284 3406 quos
1303 3353 1357 3388 eun

265 3405 375 3474 reperit,
394 3405 603 3476 obstringitque,
620 3424 655 3460 ne
683 3407 750 3459 urhe
773 3408 888 3460 excedat
915 3407 1003 3459 aliove
1023 3415 1150 3458 vertatur.
1187 3405 1359 3458 Andronicus

228 3488 241 3525 t
264 3484 363 3538 autern,
382 3478 458 3546 quasi
486 3479 589 3546 ingrata
608 3478 713 3531 scilicet
730 3480 847 3548 patiens,
876 3479 999 3548 increpat
1019 3476 1210 3547 patriarcham,
1227 3478 1309 3546 quod
1326 3481 1359 3529 its

264 3548 454 3600 constrinxerit
470 3547 504 3600 ad
523 3549 612 3618 fugam
632 3558 766 3618 paratura,
783 3558 866 3620 atque
884 3549 983 3614 “eheu,
1003 3549 1111 3618 inquit,
1153 3547 1200 3599 uid
1217 3549 1292 3616 agis,
1313 3548 1358 3600 δο-

263 3617 374 3670 minc?''
397 3617 567 3690 multumque
586 3621 709 3690 repetitis
733 3621 774 3672 his
791 3621 889 3684 verbis,
908 3620 1031 3672 ascendit
1049 3620 1077 3670 in
1096 3565 1176 3672 εεάει
1194 3621 1357 3688 superiores,

263 3690 442 3757 ingemiscens
466 3699 593 3761 tanquam
617 3693 647 3744 in
663 3708 760 3762 magns
777 3691 937 3745 calamitate.
964 3689 1116 3762 patriercha
1131 3689 1270 3754 hortatus,
1290 3705 1358 3763 quse

264 3760 316 3830 ipsi
334 3760 501 3824 riderentur,
521 3763 665 3832 acquievit.

335 3833 401 3886 Mox
417 3841 524 3896 autem,
542 3850 576 3885 nc
594 3835 773 3886 calamitatem
792 3842 945 3886 terrestrem
968 3832 1049 3901 longe
1077 3849 1243 3904 persequar,
1264 3833 1357 3904 perdi-

264 3909 353 3954 torum
372 3901 511 3956 homiuum
529 3921 672 3958 concursus
702 3904 737 3956 ad
754 3906 885 3976 ternplum
909 3905 1076 3974 praeclarum
1096 3903 1197 3956 Christi
1215 3904 1357 3958 salvatoris

264 3976 342 4025 aenei
363 3975 407 4040 fit,
425 3976 610 4047 salutaturque
637 3974 805 4029 Andronicus
833 3978 979 4046 imperator
1006 3977 1116 4039 invitus,
1137 3983 1168 4028 ut
1185 3976 1244 4044 ipsc
1267 3985 1299 4028 et
1316 3973 1355 4028 isti

265 4041 387 4097 homines
414 4045 511 4099 dicturi
543 4048 612 4112 εἰπερ
630 4045 728 4099 deinde
754 4047 836 4100 etiarn
854 4049 894 4100 vis
912 4045 1066 4110 adhibetur,
1083 4062 1114 4097 ac
1131 4046 1155 4097 si
1173 4047 1264 4098 nciict
1284 4047 1356 4116 ipso·

266 4130 324 4165 runs
342 4114 396 4168 dux
414 4133 489 4180 esse,
512 4125 539 4170 et
557 4118 709 4170 induuntur
727 4119 833 4188 imperii
851 4119 955 4187 insigne
971 4119 1161 4181 calceamento,
1182 4119 1243 4187 ipso
1266 4116 1356 4172 detre-

266 4193 354 4238 ctuutc
374 4185 472 4256 pedes,
491 4197 518 4240 ct
536 4188 658 4242 diadema
677 4191 827 4260 imponitur
852 4189 1024 4262 iniiciturquc
1044 4189 1133 4258 pileus
1161 4186 1295 4254 fumidus,
1316 4187 1355 4259 qui
