2838 4902
277 323 351 398 itt
391 275 399 294 ι
697 321 950 398 suscitastis

276 483 367 568 ἡμεῖς
402 479 635 560 ἀπολωλεκότες
666 483 709 571 τῷ
730 479 812 572 γὴρηι
832 478 982 550 consistis
1012 505 1118 568 φαμεν
1141 485 1351 570 ἐπιτέμνοντες,

277 579 339 663 ὅτι,
360 577 451 648 tuost
475 606 523 660 τις
544 583 653 652 dcviii
673 579 892 666 μεμελετηκώς
918 583 1092 666 α’πεκβῆναι
1113 580 1146 650 ἔν
1166 610 1201 668 ys
1220 589 1263 676 τῷ
1282 589 1348 655 κατὰ

274 682 330 749 τόν
363 685 485 767 Οιίρίαν
513 685 567 748 καί
595 683 650 768 τὴν
672 677 832 766 γαμετήν,
858 679 911 746 τὸν
938 683 998 762 μὲν
1025 675 1127 769 ἄνδρα
1156 689 1287 766 βασιλέα
1305 689 1350 754 τὸν

275 783 411 864 Ἀλέξιον
432 779 602 867 προϊαπτει
626 779 726 860 scires,
745 781 961 862 παραστείλας
981 785 1037 846 τοῦ
1059 785 1126 866 ζῆν,
1146 779 1213 850 εἶτα
1235 787 1287 852 καί
1302 791 1351 870 βσ-

275 885 325 970 θρῖ
345 882 511 966 θαλάσσης
541 878 713 956 πιστεύσας
738 881 824 945 καθα
846 881 926 955 τινές
958 905 1076 965 φασιν,
1098 883 1142 959 ὥς
1163 886 1222 949 osis
1243 879 1281 952 σίν
1301 881 1371 968 ε’γδς

276 981 498 1066 α’νακρίναιμι,
526 977 676 1059 καθάπαξ
705 976 927 1064 ἅπεστνγηκώς
946 979 1004 1064 τήν
1028 983 1152 1067 φαύλην
1172 985 1290 1070 ταύτην
1310 1007 1355 1050 πε-

277 1079 432 1167 ρίστασιν.
474 1077 660 1156 semiincisas
679 1074 833 1161 piretro
854 1078 908 1144 etv
928 1082 1029 1146 παῖδα
1051 1085 1186 1162 βασιλέα
1205 1087 1354 1150 συνέστει-

276 1188 340 1261 λεν,
364 1182 394 1245 εἰ
413 1177 469 1245 καί
488 1179 575 1263 λόγοι
598 1183 681 1255 τινὲς
703 1173 834 1264 ὕστερον
857 1177 940 1264 ζωήν
962 1183 1080 1246 ἐκείνου
1102 1179 1354 1264 κατεψεύσαντο·

275 1283 321 1356 εἰς
344 1277 360 1345 ὃ
380 1283 503 1359 παίζων
530 1279 546 1345 ὃ
575 1279 774 1363 Ἀνδρόνικος
795 1279 962 1365 ἐξελαλησδ
980 1305 1011 1346 τι
1039 1278 1149 1366 δριμύ,
1169 1279 1203 1359 ὃς
1226 1285 1355 1359 α’κοίσας

274 1383 350 1462 περί
367 1403 429 1444 που
451 1380 491 1445 τὰ
513 1377 592 1446 κατὰ
614 1382 761 1444 Σικελίαν
778 1385 985 1463 τημελεϊσθαι
1007 1381 1062 1446 τὸν
1080 1381 1218 1459 Ἀλέξιον
1239 1389 1386 1466 βασιλι-ιρ

274 1483 345 1562 κοῖς,
368 1479 428 1564 ἡδεῖ
457 1481 592 1564 μελίσας
620 1473 663 1563 “η’
692 1477 750 1561 W
772 1475 835 1565 ἔφη
859 1472 1007 1564 “ipsosne
1040 1484 1256 1568 κολοαβητὴς,
1278 1480 1354 1564 εἴπερ

273 1583 307 1645 ἐν
329 1576 663 1647 Κωνσταντινοοπόλει
684 1577 959 1665 κατακοβιστήσας
978 1581 1023 1656 εἰς·
1042 1585 1179 1664 βαθεῖαν
1197 1583 1356 1650 θάλασσαν

273 1679 426 1744 α’πνεοστί
454 1681 579 1757 διεξέδο
608 1677 684 1760 περί
711 1676 765 1744 τὸν
792 1681 893 1746 ε’κεῖσε
912 1678 1088 1764 πορθμόν.”
1142 1681 1307 1758 α’ποικίσας
1326 1685 1355 1746 δὲ

273 1773 358 1844 ositos
376 1778 432 1843 scis
452 1773 554 1862 ἄνδρα
577 1780 730 1859 Ἀλέξιον,
762 1779 963 1859 εἰσοικίζεται
983 1779 1040 1864 την
1060 1782 1147 1870 αύτῷ
1168 1773 1356 1867 simoniani

272 1877 328 1942 καί
346 1880 466 1944 ἐκείνου
488 1881 597 1960 κακοῦ,
629 1876 759 1944 νεάνιδα
782 1881 944 1962 θυγατέρα
964 1883 1024 1944 τοῦ
1043 1884 1097 1964 τῆς
1120 1884 1283 1965 Φραγγίας
1303 1881 1355 1966 ῥη-
1364 1910 1386 1962 15

270 1977 336 2062 yria,
358 1977 514 2044 δκνοῦσαν
535 1982 612 2061 μὲν,
645 1978 688 2052 οὖς
711 1977 914 2068 περιᾴδεται,
944 1978 1001 2064 τη“ν
1022 1978 1177 2065 σοναφήν.
1221 1974 1283 2066 ἤδη
1303 1979 1353 2064 γάρ

271 2076 327 2146 ’καί
347 2081 470 2164 φρενῶν
490 2078 732 2162 ὑπεπίμπλατο,
753 2079 809 2144 καί
831 2081 1044 2164 πεπειραμὲνη
1066 2081 1102 2145 δὲ
1123 2073 1227 2156 ἄλλως
1251 2078 1355 2164 λειὸεη·

271 2200 322 2254 τος
342 2181 475 2262 ἐραστοῦ
506 2177 560 2244 τὸν
586 2175 708 2264 τραχδν
740 2180 924 2264 ἅπέστεργε.
975 2181 1033 2242 καί
1058 2203 1150 2262 ποτε,
1173 2182 1269 2266 φασί,
1290 2184 1354 2244 καθ’

272 2273 389 2355 ῧπνσος
410 2283 632 2364 φαντασαμὲνη
661 2277 716 2343 τὸν
736 2279 863 2344 νεανίαν
892 2281 947 2343 καί
967 2271 1129 2358 ιδἈλέξιε
1151 2281 1355 2366 α’νακράξασα,

272 2369 324 2442 οἷα
345 2373 474 2458 ἔπαθεν,
494 2373 577 2443 οἶδεν
601 2376 693 2462 nissi.
1360 2391 1387 2444 λθ

358 2480 428 2542 Καί
453 2472 493 2561 ἦν
516 2481 575 2558 μὲν
606 2476 682 2552 ἴσως
711 2479 838 2561 μέτριος
867 2475 924 2562 τὴν
943 2478 1073 2558 κακίαν,
1105 2476 1192 2562 εἴπερ
1224 2482 1353 2544 ἐνταῦθα

273 2575 376 2644 ἐλθών
402 2573 597 2662 ἀδικήματος
625 2575 713 2662 ἔληξε
730 2580 786 2642 καί
803 2578 949 2664 ἐστράφη
976 2576 1058 2666 πρὸς
1079 2576 1136 2643 τὸν
1159 2579 1287 2664 α’ληθαῖς
1307 2571 1353 2642 ἅν-

346 2756 371 2806 5.
394 2754 443 2824 οἷς]
463 2751 531 2814 niis?

276 2941 396 2997 scopum,
415 2941 495 2997 quem
504 2926 589 2997 petit:
609 2942 678 2998 quae
694 2943 778 2998 quum
789 2943 839 2980 nos
849 2927 1015 2978 amiserimus
1035 2935 1185 2990 senectute,
1196 2926 1249 2980 hoc
1260 2933 1351 2978 tantum

276 2997 389 3050 strictim
403 2994 473 3060 dico,
484 3013 545 3048 eum
557 2999 633 3068 quasi
646 2999 761 3049 alterum
772 2999 829 3050 fieri
840 2997 970 3050 Davidem
983 2999 1101 3050 voluisse
1120 3000 1151 3050 in
1166 3015 1209 3062 eo,
1228 2996 1299 3068 quod
1310 2996 1351 3048 ille

277 3067 402 3120 adsersus
422 3069 509 3120 Uriam
538 3077 565 3119 et
593 3085 704 3120 uxorem
731 3072 789 3122 sius
807 3069 885 3133 fecit,
909 3068 1043 3138 siquidem
1068 3069 1157 3122 virum
1174 3070 1212 3120 im
1233 3077 1351 3121 eraterem

276 3138 400 3192 Alexium
418 3137 579 3208 pessumdat,
597 3141 671 3209 prius
684 3141 737 3192 vita
756 3141 891 3210 privatum
905 3148 933 3192 et
950 3137 1050 3193 deinde
1068 3143 1098 3192 in
1111 3157 1186 3192 more
1205 3087 1352 3196 ‹ilemersum

276 3207 436 3281 estquidam
461 3208 569 3275 dieunt,
601 3225 650 3279 ego
675 3219 765 3262 autem
793 3209 941 3262 diiudicare
964 3211 1057 3274 nolim,
1074 3229 1185 3281 prorsus
1206 3210 1351 3262 abominans

277 3299 330 3334 rem
345 3297 402 3332 eam
414 3280 610 3332 detestabilem.
627 3298 689 3349 ergo
703 3282 752 3333 ille
772 3297 886 3351 puerum
899 3283 1088 3351 imperatorem
1102 3283 1247 3353 oppressit,
1260 3279 1352 3333 etiamsi

276 3369 394 3404 rumores
422 3351 531 3421 quitiam
554 3360 648 3422 postes
667 3351 784 3404 eiusdem
808 3353 891 3404 vitam
911 3353 1146 3405 ementiebantur:
1170 3353 1207 3404 ad
1225 3369 1302 3424 quarn
1320 3350 1353 3400 ta-

277 3441 346 3476 mam
372 3425 474 3482 acerbe,
496 3422 567 3474 dicto
595 3423 732 3494 quondam
756 3424 821 3474 lusit
842 3422 1026 3486 Andronicus,
1044 3425 1114 3495 qui,
1152 3441 1217 3474 uum
1237 3421 1352 3480 audisset,

276 3495 349 3563 regio
376 3492 480 3546 honore
507 3493 609 3544 alicubi
638 3495 667 3545 in
686 3494 779 3546 Sicilia
796 3493 889 3545 haberi
907 3495 1042 3559 Alexiuru,
1061 3442 1205 3547 subriffiens
1224 3493 1353 3563 “egregius

276 3565 408 3635 proiecto,
430 3565 528 3634 inquit,
549 3564 670 3616 urinator
688 3565 737 3620 iile
762 3573 811 3628 est,
830 3567 852 3616 si
871 3564 979 3636 quidem
989 3565 1069 3634 Cpoli
1085 3567 1115 3618 in
1134 3581 1208 3617 mare
1220 3565 1353 3618 demersus,

276 3654 332 3690 non
352 3634 472 3706 spiravit,
491 3634 555 3686 dum
576 3645 724 3704 emergeret
743 3635 772 3686 in
791 3635 840 3688 iilo
857 3637 965 3705 portu.’'
1000 3637 1093 3707 itaque
1112 3655 1126 3688 e
1146 3634 1238 3688 medio
1257 3635 1353 3688 sublato

276 3706 465 3769 vicesisimo,
490 3707 518 3758 in
541 3707 741 3758 matrimonium
760 3706 849 3768 ducit,
878 3704 948 3759 eheu
969 3723 1066 3759 novam
1084 3708 1343 3778 nequitiam,spon·

177 3774 186 3792 ¹
277 3778 411 3842 samnius,
431 3776 512 3828 tiliam
524 3777 721 3830 adolescentem
738 3778 985 3846 regisFrsncorum,
1005 3779 1246 3848 pertimescentem,
1265 3784 1293 3827 ut
1305 3775 1353 3826 ser·

277 3857 331 3913 tur,
349 3847 377 3900 id
387 3848 548 3916 coniugium.
571 3847 673 3900 etenim
687 3865 781 3919 sapere
795 3847 843 3899 ills
857 3848 909 3899 iam
924 3857 1060 3918 coeperat,
1079 3857 1162 3920 utque
1172 3855 1276 3918 gustato
1286 3841 1352 3896 suari

278 3920 363 3972 smico
384 3918 556 3971 aversabatur
573 3935 706 3988 asperum.
744 3927 772 3971 et
790 3917 994 3990 quondam„ut
1014 3921 1113 3983 serum,
1132 3937 1217 3991 quum
1243 3935 1289 3990 per
1315 3931 1352 3966 so-

278 4007 369 4074 pinum
390 3988 588 4073 afiolescsntem
605 3989 724 4054 vidisset,
743 3997 778 4054 et,
797 4007 813 4041 ο
830 3989 917 4054 Alexi,
936 3989 1118 4054 exclamasset,
1137 4009 1207 4062 quas
1226 4003 1299 4061 passa
1315 3985 1351 4042 sit

279 4077 336 4130 spsa
349 4068 434 4112 norst.

350 4148 387 4199 Ac
404 4147 498 4200 fuisset
515 4147 626 4200 fortusse
637 4140 766 4201 ‘modicus
783 4149 812 4199 in
830 4148 969 4218 nequitia,
989 4149 1014 4200 si.
1029 4165 1063 4200 eo
1080 4164 1233 4218 progressus
1251 4144 1351 4198 iniuria-

280 4231 337 4268 rum
356 4216 513 4281 destitisset,
530 4227 559 4272 et
579 4218 692 4273 redisset
709 4218 743 4271 acl
760 4217 963 4283 humanitatem,
982 4219 1069 4289 pravis
1087 4218 1249 4274 facinoribus
1266 4214 1297 4266 sd
1308 4215 1339 4263 im
