2838 4902
195 353 250 418 on
268 349 574 417 Tamsatonrct
603 351 632 413 a
662 351 820 418 natiuis
840 352 986 418 carra.
1053 343 1129 419 433
1172 341 1174 344 ’

46 503 77 572 τό
96 505 206 570 νοσοῦν
226 501 490 585 άνακομάτασθοιι.
532 503 588 568 καί
607 501 665 566 σόοι
684 500 751 568 ἔστι
771 505 978 589 διαπιστῆσαι
996 506 1071 584 roric
1092 501 1130 571 ed

48 600 267 687 κατεγνωκότας
298 604 333 668 τό
357 604 493 690 Ῐπρᾶγμα
521 599 564 680 σός
588 600 671 667 πάνυ
701 628 731 667 τι
759 603 866 686 βραχδ
892 604 1049 688 προδότου
1072 613 1130 672 τοῦ

49 707 157 787 κυρίως
190 705 356 787 διενεγκεῖν
384 703 401 766 ό
424 704 534 768 Δαυῒδ
559 699 710 786 φαίνεται
740 707 815 766 καθ’
840 703 947 786 ἡμῶν,
967 707 997 770 εἰ
1015 706 1060 790 μή
1082 731 1130 782 τις

50 798 107 885 όρα
127 802 317 888 θερμότερον
342 800 520 885 ἐπιβάλλων
553 802 596 876 ὥς
620 799 654 868 ἕν
677 825 739 866 τινι
764 801 929 885 πλάστιγγι
958 804 1131 888 ποριαάζοι

30 907 160 968 aturrus
182 905 228 976 εἷς
254 900 413 987 προδότην
443 901 644 986 αότόχρημοι.
693 903 769 983 δίχα
796 898 858 983 γάρ
881 906 1058 968 συνθεσιτὸν
1079 903 1134 968 ἐπὶ
1211 974 1216 987 ,

50 1001 150 1086 ῥητοῖς
184 1007 240 1067 καί
261 999 428 1086 μηνόσεων
453 1005 628 1086 γνωρίμων,
657 997 741 1084 δίδη
765 1003 820 1064 καί
840 999 924 1066 adad
947 1002 1055 1067 πολλοί
1075 1027 1132 1068 κα-

49 1105 231 1183 τηγοροῦσιν
258 1093 518 1182 ἑκει’νου,.τόλλα
551 1102 652 1164 πάντα
681 1103 872 1184 προδοτικῶς
894 1095 979 1185 εἶχεν
1001 1099 1017 1165 ὁ
1039 1104 1131 1186 άυήρ.

50 1203 100 1262 καί
120 1199 224 1264 κοινόν
252 1201 339 1290 αὐτῷ
357 1225 390 1265 τε
423 1204 478 1264 καί
505 1201 548 1288 aqi
579 1199 656 1263 κατά
691 1202 833 1284 σπουδὴν
860 1201 1003 1286 φανερόν
1028 1196 1133 1276 ἄλλως

50 1296 179 1388 προδότῃ
200 1298 234 1365 τό
257 1303 313 1366 τοῦ
333 1303 439 1365 κοινοῦ
467 1303 526 1380 μὲν
546 1300 704 1383 ὑπερορᾶν
731 1305 1010 1385 περιφρονητικιός,
1032 1299 1134 1390 ἑαυτῷ

18 1416 43 1466 tt
52 1401 83 1464 δὲ
102 1399 189 1488 μόνην
208 1404 420 1482 χαρίζεσθαι,
447 1401 503 1464 καί
521 1401 734 1482 προτίθεσθαι
762 1398 884 1474 πάντας
911 1403 972 1479 μὲν
993 1403 1133 1484 άπιέναι,

50 1509 200 1584 περιεῖναι
221 1503 256 1564 δὲ
275 1499 359 1582 μόνα
380 1501 420 1566 τά
442 1503 507 1565 κατ’
528 1500 633 1563 αὐτόν.
675 1503 850 1584 ἐμέμφοντο
869 1497 899 1563 οὶ
914 1499 1137 1583 στρατιωτικοί

49 1597 154 1666 ότιτοὶ
178 1599 350 1685 πετροβόλα
376 1603 410 1666 ἐν
441 1601 516 1685 ἡμῖν
546 1594 664 1681 ὄργανα
696 1601 753 1662 osis
783 1597 966 1684 εὐχρήστως
987 1595 1074 1684 εἶχον
1092 1601 1137 1676 τός

49 1698 256 1784 ἀντιφερίζειν
275 1696 355 1786 πρός
376 1699 415 1766 τά
438 1703 502 1766 τῶν
523 1697 715 1781 άντιμάχων.
758 1699 774 1763 ό
797 1703 832 1766 δὲ
851 1701 945 1786 άφείς
959 1705 1138 1785 κατορθοῦν

49 1796 80 1858 τό
102 1795 277 1882 ψεγόμενον
311 1804 386 1866 “uur'
415 1799 452 1866 τί
466 1797 605 1884 ποιήσω’
627 1797 723 1882 ἔλεγε,
744 1798 799 1863 καί
817 1799 942 1884 ἠρκεῖτο
966 1803 1066 1866 εἰπεῖν
1083 1823 1138 1864 το-

18 1887 159 1964 assuitur
179 1899 197 1962 δ
217 1901 341 1984 κομψός
362 1900 620 1985 Πυθαγοριστής,
641 1903 741 1964 δοκοῑν
761 1903 821 1980 μὲν
841 1899 928 1983 ἱερόν
945 1897 1026 1966 εἶναι
1048 1906 1198 1986 varicoso

50 1995 98 2060 διά
119 1995 153 2062 τό
186 2002 358 2084 ἐχεμυθεῖν
386 1998 426 2065 τά
449 2005 566 2082 πλείω,Ι
603 1996 706 2076 άλλως
728 2003 763 2065 δὲ
788 2000 870 2065 κατά
891 2002 966 2077 τοὺς
979 2006 1139 2085 λοχῶντας

50 2101 162 2180 πνίγων
189 2101 247 2183 τὴν
274 2100 411 2178 λαλιάν,
435 2092 604 2185 όνθρωπος
637 2100 760 2184 ἐπέχων
788 2101 843 2165 καί
860 2100 898 2165 τά
933 2105 965 2177 ἐς
988 2106 1140 2186 πονηρίαν

50 2196 216 2284 άδιόρατος
237 2204 291 2266 καί
308 2199 344 2265 τό
365 2225 400 2284 γε
421 2203 605 2286 ,κρυψίνουν
630 2203 835 2290 πολυβενθης.
888 2193 1001 2284 ἤκουεν
1032 2198 1075 2278 οἷς
1101 2203 1137 2265 τδ
1177 2199 1179 2205 ”

51 2302 226 2380 περίτειχος
253 2301 534 2384 καταλαμβάνεται
557 2301 611 2366 διά
636 2299 670 2366 τό
695 2303 861 2386 α’νεχόρως
882 2299 978 2384 ἔχειν,
1000 2306 1054 2366 καί
1077 2329 1141 2366 πα.

16 2398 204 2477 λθρέπεμπεν
223 2399 302 2464 adad
334 2410 405 2476 ταῖς
425 2401 562 2484 μητράσι
582 2401 643 2466 ταῖν
676 2406 834 2481 πολεμίων
854 2400 1041 2485 παραβόειν,
1061 2398 1141 2466 ἔνθα

51 2489 294 2581 αἶεχρορρήμων
314 2499 397 2566 εἴποι
419 2495 458 2564 da
479 2500 570 2584 α’νήρ.
613 2503 837 2566 ἐπιλειπόντων
866 2501 983 2564 όϊσττόν
1004 2509 1068 2574 τοῖς
1088 2500 1142 2565 ἐπί

51 2596 108 2656 τοῖν
128 2601 262 2680 τειχέων
295 2593 335 2683 ἦν
368 2601 470 2683 βελῶν
494 2598 639 2686 ζήτησις·
697 2597 714 2662 ό
740 2604 775 2666 δὲ
795 2602 850 2665 καί
876 2603 939 2664 ποῦ
960 2593 1002 2666 όν
1024 2601 1143 2675 ου’τοδς

54 2870 134 2940 gligit.
174 2891 225 2928 nec
243 2875 514 2950 dubitarepossunt,
533 2882 580 2950 qui
598 2897 653 2932 rem
670 2879 741 2932 bene
761 2887 875 2943 norunt,
896 2896 989 2950 parum
1007 2897 1022 2930 a
1039 2877 1142 2948 proprii

54 2948 168 2998 nominis
188 2949 328 3017 proditore
346 2951 476 3003 Davidem
502 2953 581 3003 illum
611 2953 776 3022 discrepasse
802 2954 831 3003 in
857 2954 905 3015 iis,
927 2968 997 3022 quae
1017 2949 1143 3000 adversus

53 3031 99 3066 nos
118 3020 185 3087 egit,
206 3021 258 3070 nisi
278 3024 338 3091 quis
357 3023 470 3075 calidius
489 3026 564 3094 quasi
578 3025 605 3074 in
624 3027 727 3076 trutina
745 3025 863 3092 positirm
882 3023 1142 3092 proditoritprorsus

53 3101 139 3151 parem
154 3107 213 3140 esse
229 3091 346 3144 cinxerit.
365 3111 425 3144 narn
441 3105 548 3164 praeter
567 3095 706 3164 pactiones
724 3095 806 3146 iustas
824 3103 852 3145 et
872 3095 1014 3145 manifesto
1034 3089 1142 3152 indicis,

54 3174 119 3223 ροσε
140 3169 233 3213 tamen
252 3165 377 3215 nonnulli
399 3167 440 3216 illi
461 3166 633 3235 exprobrant,
654 3169 682 3216 in
704 3165 782 3217 rebus
804 3165 915 3234 reliquis
936 3163 1060 3215 omnibus
1079 3180 1144 3230 pro-

54 3227 146 3282 dituris
164 3249 307 3301 personam
321 3235 425 3302 agebat.
447 3247 504 3288 erut
523 3239 564 3286 illi
584 3253 724 3287 commune
743 3254 803 3286 cum
817 3235 967 3304 proditore,
986 3236 1031 3304 qui
1051 3241 1144 3301 aperta

54 3297 144 3352 fraude
166 3305 229 3370 agit,
250 3307 324 3374 quod
342 3323 397 3356 rem
412 3309 547 3376 publicam
565 3309 739 3376 contemptim
760 3306 924 3374 negligebat,
944 3305 995 3356 sihi
1015 3305 1065 3354 soli
1085 3319 1145 3370 gra-

54 3372 223 3436 tificabatur,
243 3387 353 3428 cunctos
375 3380 463 3446 perire
483 3380 602 3442 volebat,
634 3378 715 3430 modo
743 3380 802 3448 ipse
836 3393 938 3445 suaque
965 3375 1143 3445 servarentur.

55 3447 237 3508 querebantur
261 3449 381 3514 milites,
409 3450 482 3520 quud
501 3451 716 3501 machinamenta
734 3449 813 3500 nobis
832 3463 887 3499 non
917 3455 1007 3497 essent
1035 3445 1159 3506 idonea,

55 3514 151 3578 quibus
179 3519 267 3569 resisti
286 3529 378 3589 posset
389 3522 520 3572 machinis
538 3523 673 3574 hostiumr
689 3521 745 3582 ille,
764 3519 835 3570 nibil
848 3519 989 3579 sollicitus,
1010 3523 1041 3566 ut
1058 3519 1144 3567 corri-

56 3593 134 3647 geret,
154 3589 229 3656 quud
248 3591 461 3658 vituperabatur,
481 3592 698 3662 “quidfaciam‚''
717 3592 794 3652 dixit,
812 3590 951 3663 eildixisse
965 3586 1143 3649 satisbabuit,

56 3655 126 3706 valer
152 3660 229 3727 quasi
260 3662 465 3728 Pythagorius,
490 3665 537 3734 qui
571 3663 709 3715 videretur
738 3661 846 3731 quidem
870 3675 973 3712 sacrum
999 3659 1143 3710 taciturni·

57 3729 117 3776 tatis
135 3745 195 3780 esse
213 3747 262 3793 eo,
281 3733 354 3802 quod
374 3735 500 3785 reticeret
518 3736 656 3805 pleraque,
685 3732 733 3785 sed
751 3749 841 3787 revera
859 3729 974 3784 subdole
993 3745 1082 3781 coram
1100 3729 1145 3779 iu-

58 3795 215 3851 sidiantibus
235 3812 370 3870 premeret
387 3804 486 3868 verba,
506 3805 587 3857 homo
610 3808 762 3863 continens,
790 3805 866 3855 ouius
886 3802 1009 3872 nequitia
1028 3797 1145 3870 perspici

57 3883 107 3918 aon
129 3880 223 3937 posset
248 3883 276 3924 et
306 3877 458 3942 malignitas
487 3877 543 3928 alte
562 3877 668 3928 lateret.
714 3875 852 3940 audiebat,
869 3874 978 3926 moenia
996 3872 1145 3941 expugnari

56 3949 164 4008 propter
194 3943 395 3997 infirmitatem:
427 3948 614 3999 committebat
645 3963 698 4010 ea,
725 3955 756 3996 ut
782 3947 842 4016 quis
874 3945 975 3995 dixerit
1009 3943 1144 4004 dicacior,

59 4013 184 4064 usisibus
213 4013 333 4067 bostium
361 4018 506 4069 sarcienda.
548 4018 715 4069 deficiebant
738 4020 862 4084 sagittae,
891 4023 920 4067 et
946 4016 994 4084 qui
1018 4016 1045 4065 in
1066 4029 1144 4066 muro

60 4091 143 4146 erant,
174 4100 244 4135 nova
272 4088 327 4138 tela
356 4089 537 4159 quaerebant:
563 4089 611 4139 ubi
636 4095 667 4140 ea
693 4090 843 4153 inveniret,
872 4086 1069 4148 murmurabat,
1094 4097 1145 4136 nee

60 4145 137 4204 dabat
155 4156 314 4224 quidquam,
334 4168 362 4210 et
384 4159 446 4210 urbs
459 4161 636 4226 affligebatur.
674 4159 849 4226 frangebatur
866 4157 997 4220 machina,
1016 4165 1044 4208 et
1064 4171 1146 4226 opor-

59 4214 128 4273 teba,
147 4242 205 4276 earn
225 4229 320 4291 retici,
339 4239 368 4280 et
397 4232 498 4299 liguum
520 4231 727 4302 inquirebatur:
747 4231 859 4283 ubinam
883 4232 985 4296 lignum
1006 4237 1084 4290 esset,
1102 4241 1144 4276 re·
1274 4239 1285 4265 ⁶

108 4328 161 4381 L⁸⁰
182 4339 389 4396 Grammaticus.
878 4373 882 4380 .
921 4339 957 4394 28
