2882 4894
394 331 767 396 CHRONOGRAPIHA.
1088 325 1135 394 85

68 488 94 550 δι’
109 504 178 556 τινες
198 483 256 544 τοῦ
278 482 524 546 Κωνσταντίνου
553 485 596 568 τῷ
626 484 762 568 Λικιιίηι
793 481 836 556 ὥς
857 481 1008 564 α’ντόρίαι
1030 485 1137 566 ἐπιζη-

66 583 186 663 ιοόμενοι
206 587 282 661 παρ’
313 580 415 644 αὐτοῦ
446 583 503 644 oda
531 583 684 665 ἐδίδοντο,
712 582 769 644 καί
791 580 1023 663 ἐκστρατεύσας
1047 586 1138 648 Κων-

65 689 202 754 πταντῖνος
237 677 319 744 κατὰ
352 681 500 752 Λικινίου
527 684 719 764 ἐπολέμησεν
749 678 845 744 ου’τόν
879 683 923 754 εἰς
957 684 1137 746 Παιονίαν·

64 780 126 844 ἔνθα
145 777 196 842 καί
222 775 259 841 τό
281 787 412 862 σημεῖον
441 781 500 842 τοῦ
530 781 675 862 σταυροδ
707 774 860 845 ἐθεάσατο
888 782 1063 864 ἐπιγραφὲν
1084 782 1138 845 “ε’ν

48 878 145 966 truita
171 877 270 943 νίκα.”
319 879 375 942 καί
405 882 500 942 τοῦτο
533 877 568 942 τό
591 885 723 962 σημεῖον
753 881 897 960 χρυσοῦν
930 876 1064 960 ποιήσας
1085 882 1142 942 καί

63 979 105 1042 ini
121 976 249 1060 δόρατος
269 971 449 1062 α’ναρτήσοις
470 975 691 1062 τοδςέχθροός
712 979 893 1060 ε’τροποότο.
935 979 1081 1052 Λικίνιος
1103 978 1139 1040 δὲ

63 1079 171 1156 τραπείς
198 1074 316 1160 ἔφυγεν
345 1078 390 1149 εἰς
421 1074 568 1164 Θρᾴκην,
606 1075 754 1140 κάκεῖθεν
793 1081 1065 1160 καταπολεμηθεὶς
1094 1079 1139 1151 εἰς

63 1175 307 1256 Φιλιπποόπολιν,
328 1174 405 1240 ἔνθα
426 1180 580 1260 λαμπραῖς
600 1174 655 1238 καί
681 1178 864 1260 περιφανῶς
883 1171 1031 1261 ἡττηθείς
1051 1173 1139 1260 εἰρή-

62 1298 159 1338 νευσεν.
182 1271 252 1340 εἶτα
273 1271 367 1339 πόλιν
388 1273 507 1359 ἐχθρός
523 1275 935 1360 ε’λεγχθείςκστεπολεμήθη
958 1278 991 1340 ἐν
1012 1277 1138 1360 Ἀδρία-

37 1376 186 1438 ιδνουπόλει
207 1373 263 1437 καί
281 1374 414 1458 ἡττήθη,
436 1374 491 1440 καί
516 1375 619 1440 stada
639 1377 684 1450 εἰς
706 1373 741 1438 τό
759 1375 939 1452 Βυζάντιον
959 1375 1139 1460 ἀπέδρασεν

62 1477 86 1536 ὲν
101 1471 313 1555 Χρυσοπόλει,
332 1475 427 1538 adusi
443 1472 539 1540 πόλιν
571 1475 719 1558 ἡττηθείς
738 1472 855 1560 ἔφυγεν
878 1477 911 1539 ἐν
932 1478 1138 1561 Νικομηδείρι.

62 1569 74 1652 'i
92 1577 120 1636 δὲ
141 1571 263 1657 ἀδελφή
289 1579 529 1640 Κοινσταντίνου
559 1576 749 1640 εἰσελθοῦσα
770 1572 849 1658 πρός
873 1573 972 1638 αὐτόν
994 1579 1048 1638 καί
1066 1578 1138 1656 δεη-

24 1733 25 1744 ,
61 1676 207 1757 θειασμῷ
240 1677 336 1754 α’νδρί
364 1675 465 1756 αὐτῆς
494 1674 529 1737 τό
552 1677 608 1756 ζήν
630 1675 815 1756 χαρίζεται,
836 1675 870 1738 ἐν
892 1677 1039 1760 ἰδιωτικῷ
1058 1672 1138 1756 σχή-

59 1795 119 1846 ματι
138 1771 384 1854 αὶρετιποιμὲνσυ
407 1775 555 1838 Λικινίου
577 1774 729 1837 ἀπελθεῖν
751 1775 784 1837 ἐν
807 1774 1039 1860 Θεσσαλονίκη·
1081 1778 1138 1836 xd-

37 1872 288 1955 ιῡιιῑσεταριιχός
323 1869 458 1954 ποιήσας
486 1868 629 1960 διῃρέθη
663 1869 725 1936 δπδ
752 1877 811 1938 τοῦ
835 1877 981 1958 στρατοῦ.
1025 1877 1076 1960 ἐφ’
1098 1865 1138 1938 οὗ

60 1967 185 2034 Λικινίου
208 1975 264 2036 κατ’
285 1969 301 2035 d
332 1968 421 2054 ἅγιος
446 1974 612 2056 Θεόδωρος
644 1970 864 2058 ἐμαρτύρησε,
886 1972 1035 2036 δέκακαὶ
1056 1969 1134 2037 όκιιό

60 2066 122 2133 ἔτεσι
159 2073 216 2137 τοῦ
249 2075 389 2154 πολέμου
420 2073 591 2156 ἱσταμένου
623 2072 741 2152 μεταξό
776 2076 924 2139 Λικινίου
957 2073 1012 2136 καί
1039 2077 1136 2138 Κωκ-

60 2173 211 2238 οταντίνου.

24 2335 25 2362 η
117 2269 160 2336 ‘H
184 2275 223 2336 δὲ
255 2275 404 2358 γενομένη
434 2273 542 2358 εἰρήνη
570 2274 690 2355 μεταξό
723 2275 863 2358 Περσιῖν
895 2273 950 2339 καί
967 2271 1135 2352 Ῥωμαίων

24 2369 169 2455 ιλδδιελόθη
194 2373 237 2434 δι’
271 2373 374 2436 αἰτίαν
397 2372 558 2458 τοιαότην.
613 2372 835 2458 Μητρόδωρός
863 2396 909 2447 τις
930 2370 1135 2454 Περσογενής

59 2472 332 2554 προσποιησάμενος
354 2478 540 2558 φιλοσοφεῖν
565 2474 706 2550 α’πῆλθιν
733 2468 767 2537 ἒν
792 2471 887 2559 Ἰνδίη
921 2475 976 2534 καί
995 2472 1039 2545 εἰς
1060 2469 1135 2546 τούς

60 2573 239 2650 Βραχμᾶνας
264 2576 464 2656 χρησόμενος
493 2573 658 2661 ἐγκρατείᾳ
688 2575 788 2659 πολλῇ
815 2576 937 2655 γέγονεν
962 2576 994 2634 ἐν
1025 2571 1134 2646 adroic
1162 2637 1164 2644 ,

60 2670 193 2748 σεβαστός
203 2720 214 2750 ,
235 2672 396 2754 εἰργάζετο
425 2674 460 2736 δὲ
491 2673 693 2756 δδρομόλους
722 2677 776 2738 καί
802 2671 914 2756 λοετρὰ
944 2675 1041 2754 μέχρι
1062 2672 1133 2736 τότε

112 2867 134 2922 d.
151 2872 327 2946 ἐπιγράφων
345 2873 366 2926 C
454 2874 494 2928 10.
514 2874 668 2948 ἐπέδριισεν
688 2874 708 2928 C

62 3039 195 3096 trimonium
214 3040 327 3097 dederat
345 3063 462 3115 eunrque
473 3063 570 3120 regern
581 3049 766 3101 constituerat.
802 3047 913 3118 quidam
931 3048 979 3118 qui
999 3046 1133 3098 Constan-

63 3113 127 3164 tinum
145 3115 323 3168 deseruerant
347 3125 375 3168 et
399 3118 433 3168 ad
460 3119 590 3170 Licinium
609 3119 808 3190 transfugerant
834 3137 917 3188 quum
936 3126 966 3170 ut
983 3116 1133 3168 defectores

64 3181 87 3230 ab
97 3183 138 3235 ilio
149 3196 327 3255 poscerentur
343 3205 434 3258 neque
447 3189 624 3251 truderentur,
635 3191 827 3242 Constantinus
845 3190 919 3240 helio
932 3207 992 3241 eum
1010 3189 1039 3238 in
1049 3189 1134 3238 Paeo-

63 3255 116 3305 niam
131 3267 291 3326 prosecutus
310 3268 358 3310 est.
376 3261 415 3310 ibi
436 3262 520 3311 crucis
541 3263 644 3327 signum
664 3261 734 3313 vidit
753 3263 928 3330 inscripturus
957 3263 986 3310 in
1004 3258 1055 3310 hoc
1073 3259 1132 3309 vin-

64 3339 101 3374 ces·
133 3329 184 3381 hoo
206 3331 284 3396 signo
302 3346 368 3380 auro
388 3331 450 3382 ficto
478 3340 506 3382 et
526 3330 617 3382 hastae
638 3333 764 3399 imposito
791 3331 884 3384 hostes
902 3331 1010 3382 devicit·
1046 3329 1133 3380 victus

63 3394 160 3452 Licinius
178 3401 208 3451 in
226 3401 369 3452 Thraciam
388 3401 493 3470 aufugit
507 3410 534 3452 et
552 3402 617 3453 inde
633 3403 726 3470 pulsus
739 3403 809 3453 Phili
831 3403 954 3472 popoiin,
973 3403 1020 3452 ubi
1037 3415 1133 3465 magno

64 3469 145 3530 proelio
162 3473 251 3522 victus
270 3488 364 3540 pacem
382 3473 456 3524 fecit.
493 3482 587 3541 postea
606 3482 683 3542 rupta
703 3490 768 3541 pace
786 3422 828 3524 ad
837 3473 1034 3541 Adrianopoiin
1052 3487 1133 3537 supe-

65 3545 116 3588 ntus
132 3549 180 3604 est,
200 3551 228 3592 et
249 3545 402 3608 Byzantium
422 3543 559 3610 proiectus
577 3543 641 3594 inde
656 3543 834 3612 Chrysopolis
854 3546 932 3610 sugit.
968 3543 1007 3594 ibi
1025 3556 1135 3611 quoquo

64 3606 128 3660 rictus
147 3613 176 3663 io
198 3612 384 3664 Nicomediam
405 3615 481 3665 abiit.
519 3631 594 3665 soror
612 3623 703 3666 autern
731 3615 899 3667 Constantini
921 3631 1002 3682 quum
1022 3611 1056 3662 ad
1075 3627 1136 3660 euru

65 3680 159 3735 venisset
179 3684 294 3752 supplex
316 3685 412 3746 effecit,
433 3694 463 3736 ut
483 3685 579 3736 marito
599 3685 653 3736 vita
679 3686 874 3739 concederetur
894 3701 976 3754 quum
994 3682 1137 3752 praetulis-

66 3755 94 3797 set
107 3751 222 3805 Licinius
239 3754 358 3824 privatus
378 3755 587 3806 Tiressalonicae
612 3755 718 3822 degere.
755 3775 838 3826 quum
857 3755 896 3806 ibi
914 3770 1024 3824 quoqne
1045 3752 1137 3805 turbas

66 3817 144 3873 [areret
161 3823 196 3874 ab
227 3827 347 3876 exercitu
374 3827 534 3878 interiectus
553 3834 601 3878 est.
644 3827 692 3877 sub
721 3828 824 3878 Licinio
854 3835 961 3877 sanctus
979 3823 1138 3876 Theodorus

66 3898 142 3956 martyr
157 3894 226 3960 soit3
245 3895 348 3947 beilum
369 3905 458 3948 autem
477 3897 649 3950 Constantini
662 3905 692 3949 et
709 3897 804 3950 Licinii
830 3897 862 3948 18
879 3914 964 3948 armos
985 3895 1136 3947 duraverat.

116 3961 176 4030 Pax,
198 3983 267 4034 quae
287 3966 375 4018 suerat
394 3970 464 4020 inter
492 3969 582 4020 Persas
606 3975 634 4019 et
651 3971 784 4020 Romanor
812 3967 864 4018 hoc
889 3966 971 4018 modo
991 3975 1069 4038 rupta
1088 3974 1137 4016 est.

67 4025 216 4108 Metrodorus
247 4033 357 4107 qnidam
380 4039 458 4090 Persa
477 4056 505 4090 se
532 4038 662 4090 simulans
694 4038 906 4108 philosophandi
937 4055 1018 4089 causa
1044 4039 1073 4087 in
1093 4037 1140 4086 ln-

67 4095 121 4152 dun
140 4107 277 4174 profectus
298 4115 346 4167 est.
372 4117 454 4180 atque
468 4111 580 4162 multam
597 4109 793 4162 Braiuuanibus
816 4109 975 4160 modestiam
992 4106 1139 4160 ostendens

67 4171 126 4224 uide
143 4176 175 4228 ab
194 4178 229 4230 iis
240 4176 441 4244 honorabatur0
459 4181 548 4250 iisque
575 4181 660 4234 uroias
696 4181 819 4252 aquarias
835 4189 862 4234 et
889 4179 1087 4248 baineausque
1105 4175 1139 4227 ad
