<?xml version="1.0" encoding="UTF-8"?>
<!DOCTYPE html PUBLIC "-//W3C//DTD XHTML 1.0 Transitional//EN"
    "http://www.w3.org/TR/xhtml1/DTD/xhtml1-transitional.dtd">
<html xmlns="http://www.w3.org/1999/xhtml" xml:lang="en" lang="en">
 <head>
  <title>
</title>
<meta http-equiv="Content-Type" content="text/html;charset=utf-8" />
  <meta name='ocr-system' content='tesseract 3.04.00' />
  <meta name='ocr-capabilities' content='ocr_page ocr_carea ocr_par ocr_line ocrx_word'/>
</head>
<body>
  <div class='ocr_page' id='page_1' title='image "./chronographia01eustgoog_0360.png"; bbox 0 0 2814 4898; ppageno 0'>
   <div class='ocr_carea' id='block_1_1' title="bbox 222 363 1128 478">
    <p class='ocr_par' dir='ltr' id='par_1_1' title="bbox 222 363 1128 478">
     <span class='ocr_line' id='line_1_1' title="bbox 222 363 1128 478; baseline 0.008 -7"><span class='ocrx_word' id='word_1_1' title='bbox 222 363 261 397; x_wconf 63' lang='lat'><strong><em>³</em></strong></span> <span class='ocrx_word' id='word_1_2' title='bbox 355 407 410 472; x_wconf 83' lang='lat' dir='ltr'>oe</span> <span class='ocrx_word' id='word_1_3' title='bbox 437 405 572 474; x_wconf 82' lang='lat' dir='ltr'>neone</span> <span class='ocrx_word' id='word_1_4' title='bbox 599 405 764 475; x_wconf 76' lang='lat' dir='ltr'>sannae</span> <span class='ocrx_word' id='word_1_5' title='bbox 782 410 817 474; x_wconf 83' lang='grc' dir='ltr'>ο.</span> <span class='ocrx_word' id='word_1_6' title='bbox 1055 407 1128 478; x_wconf 79' lang='lat'>³55</span> 
     </span>
    </p>
   </div>
   <div class='ocr_carea' id='block_1_2' title="bbox 19 551 1229 2438">
    <p class='ocr_par' dir='ltr' id='par_1_2' title="bbox 19 551 1229 2438">
     <span class='ocr_line' id='line_1_2' title="bbox 49 551 1161 647; baseline 0.003 -24"><span class='ocrx_word' id='word_1_7' title='bbox 49 553 172 642; x_wconf 72' lang='grc' dir='ltr'><em>αὕτήν,”</em></span> <span class='ocrx_word' id='word_1_8' title='bbox 197 556 392 640; x_wconf 75' lang='grc' dir='ltr'><em>μιμούμενος</em></span> <span class='ocrx_word' id='word_1_9' title='bbox 411 559 447 626; x_wconf 72' lang='grc' dir='ltr'>ἓν</span> <span class='ocrx_word' id='word_1_10' title='bbox 472 556 573 647; x_wconf 79' lang='grc' dir='ltr'><em>τοάτιρ</em></span> <span class='ocrx_word' id='word_1_11' title='bbox 598 561 725 626; x_wconf 82' lang='grc' dir='ltr'><em>Λέοντα</em></span> <span class='ocrx_word' id='word_1_12' title='bbox 741 557 796 627; x_wconf 85' lang='grc' dir='ltr'><em>τὸν</em></span> <span class='ocrx_word' id='word_1_13' title='bbox 806 551 967 644; x_wconf 79' lang='grc' dir='ltr'><em>Ἴσαυρον,</em></span> <span class='ocrx_word' id='word_1_14' title='bbox 989 557 1034 637; x_wconf 77' lang='grc' dir='ltr'>ὥς</span> <span class='ocrx_word' id='word_1_15' title='bbox 1053 563 1161 644; x_wconf 71' lang='lat' dir='ltr'>fleo-n</span> 
     </span>
     <span class='ocr_line' id='line_1_3' title="bbox 49 654 1131 747; baseline 0.006 -27"><span class='ocrx_word' id='word_1_16' title='bbox 49 657 167 738; x_wconf 85' lang='grc' dir='ltr'><em>λόμονος</em></span> <span class='ocrx_word' id='word_1_17' title='bbox 194 654 267 733; x_wconf 85' lang='grc' dir='ltr'><em>τοάς</em></span> <span class='ocrx_word' id='word_1_18' title='bbox 292 658 429 743; x_wconf 86' lang='grc' dir='ltr'><em>χρόνους</em></span> <span class='ocrx_word' id='word_1_19' title='bbox 460 660 561 725; x_wconf 69' lang='grc' dir='ltr'><em>αὐτοῦ</em></span> <span class='ocrx_word' id='word_1_20' title='bbox 579 661 782 741; x_wconf 78' lang='grc' dir='ltr'><em>βασιλεῦσαι.</em></span> <span class='ocrx_word' id='word_1_21' title='bbox 832 657 943 746; x_wconf 81' lang='grc' dir='ltr'><em>ἑπτιιλή</em></span> <span class='ocrx_word' id='word_1_22' title='bbox 973 658 1036 747; x_wconf 80' lang='grc' dir='ltr'><em>γάρ</em></span> <span class='ocrx_word' id='word_1_23' title='bbox 1060 661 1131 744; x_wconf 82' lang='grc' dir='ltr'><em>ι’γὲ-</em></span> 
     </span>
     <span class='ocr_line' id='line_1_4' title="bbox 49 753 1130 845; baseline 0.004 -25"><span class='ocrx_word' id='word_1_24' title='bbox 49 778 158 842; x_wconf 79' lang='grc' dir='ltr'><em>χραπτο</em></span> <span class='ocrx_word' id='word_1_25' title='bbox 177 754 283 824; x_wconf 80' lang='grc' dir='ltr'><em>ἒπάνω</em></span> <span class='ocrx_word' id='word_1_26' title='bbox 302 761 357 845; x_wconf 80' lang='grc' dir='ltr'><em>τῆς</em></span> <span class='ocrx_word' id='word_1_27' title='bbox 376 755 495 836; x_wconf 75' lang='grc' dir='ltr'><strong><em>εἰκόνος</em></strong></span> <span class='ocrx_word' id='word_1_28' title='bbox 517 753 570 824; x_wconf 80' lang='lat' dir='ltr'>der</span> <span class='ocrx_word' id='word_1_29' title='bbox 588 757 628 845; x_wconf 75' lang='grc' dir='ltr'>ἢν</span> <span class='ocrx_word' id='word_1_30' title='bbox 649 763 778 826; x_wconf 79' lang='grc' dir='ltr'><em>καθεῖλε</em></span> <span class='ocrx_word' id='word_1_31' title='bbox 799 755 900 824; x_wconf 90' lang='grc' dir='ltr'><em>πάλαι</em></span> <span class='ocrx_word' id='word_1_32' title='bbox 921 761 1019 826; x_wconf 76' lang='grc' dir='ltr'><em>Λέων</em></span> <span class='ocrx_word' id='word_1_33' title='bbox 1039 759 1056 824; x_wconf 80' lang='grc' dir='ltr'><em>ὃ</em></span> <span class='ocrx_word' id='word_1_34' title='bbox 1079 762 1130 824; x_wconf 79' lang='grc' dir='ltr'><em>δτ-</em></span> 
     </span>
     <span class='ocr_line' id='line_1_5' title="bbox 50 849 1156 945; baseline 0.004 -25"><span class='ocrx_word' id='word_1_35' title='bbox 50 853 183 943; x_wconf 83' lang='grc' dir='ltr'><em>σπόζων,</em></span> <span class='ocrx_word' id='word_1_36' title='bbox 211 859 354 924; x_wconf 74' lang='grc' dir='ltr'><em>ἐνταῦθα</em></span> <span class='ocrx_word' id='word_1_37' title='bbox 373 857 589 944; x_wconf 78' lang='grc' dir='ltr'><em>ἅνεστήλοισον</em></span> <span class='ocrx_word' id='word_1_38' title='bbox 612 861 753 945; x_wconf 77' lang='grc' dir='ltr'><em>Εἰρήνη·</em></span> <span class='ocrx_word' id='word_1_39' title='bbox 804 849 895 936; x_wconf 78' lang='grc' dir='ltr'><em>οὗτος</em></span> <span class='ocrx_word' id='word_1_40' title='bbox 913 855 974 943; x_wconf 76' lang='grc' dir='ltr'><em>γάρ</em></span> <span class='ocrx_word' id='word_1_41' title='bbox 999 858 1015 926; x_wconf 80' lang='grc' dir='ltr'><em>ὃ</em></span> <span class='ocrx_word' id='word_1_42' title='bbox 1036 863 1156 926; x_wconf 82' lang='grc' dir='ltr'><em>Λέων·</em></span> 
     </span>
     <span class='ocr_line' id='line_1_6' title="bbox 30 950 1134 1046; baseline 0.005 -27"><span class='ocrx_word' id='word_1_43' title='bbox 30 954 137 1040; x_wconf 75' lang='grc' dir='ltr'><em>ὅαάτήν</em></span> <span class='ocrx_word' id='word_1_44' title='bbox 159 961 311 1042; x_wconf 72' lang='grc' dir='ltr'><em>καθεῖλε,</em></span> <span class='ocrx_word' id='word_1_45' title='bbox 339 957 411 1025; x_wconf 71' lang='grc' dir='ltr'><em>ἕποι’</em></span> <span class='ocrx_word' id='word_1_46' title='bbox 427 958 486 1046; x_wconf 75' lang='grc' dir='ltr'>ἀφ’</span> <span class='ocrx_word' id='word_1_47' title='bbox 509 950 550 1022; x_wconf 65' lang='lat' dir='ltr'>ori</span> <span class='ocrx_word' id='word_1_48' title='bbox 571 957 591 1045; x_wconf 80' lang='grc' dir='ltr'><em>ἦ</em></span> <span class='ocrx_word' id='word_1_49' title='bbox 621 956 712 1035; x_wconf 81' lang='grc' dir='ltr'><strong><em>πόλις</em></strong></span> <span class='ocrx_word' id='word_1_50' title='bbox 731 957 871 1043; x_wconf 77' lang='grc' dir='ltr'><em>ἐκτίσθη,</em></span> <span class='ocrx_word' id='word_1_51' title='bbox 893 955 973 1044; x_wconf 67' lang='lat' dir='ltr'>ater}</span> <span class='ocrx_word' id='word_1_52' title='bbox 995 963 1015 1043; x_wconf 83' lang='grc' dir='ltr'><em>ἦ</em></span> <span class='ocrx_word' id='word_1_53' title='bbox 1039 957 1134 1025; x_wconf 80' lang='grc' dir='ltr'><em>εἰπάν</em></span> 
     </span>
     <span class='ocr_line' id='line_1_7' title="bbox 48 1045 1134 1144; baseline 0.004 -26"><span class='ocrx_word' id='word_1_54' title='bbox 48 1045 90 1138; x_wconf 77' lang='grc' dir='ltr'>ἦν.</span> <span class='ocrx_word' id='word_1_55' title='bbox 129 1059 185 1120; x_wconf 83' lang='grc' dir='ltr'><strong><em>καί</em></strong></span> <span class='ocrx_word' id='word_1_56' title='bbox 206 1059 300 1122; x_wconf 67' lang='grc' dir='ltr'><em>τοῦτο</em></span> <span class='ocrx_word' id='word_1_57' title='bbox 322 1056 458 1142; x_wconf 76' lang='grc' dir='ltr'><em>ποιήσας</em></span> <span class='ocrx_word' id='word_1_58' title='bbox 484 1055 599 1123; x_wconf 73' lang='grc' dir='ltr'><em>ἔδωκεν</em></span> <span class='ocrx_word' id='word_1_59' title='bbox 633 1057 814 1144; x_wconf 74' lang='grc' dir='ltr'><em>παρρησίαν</em></span> <span class='ocrx_word' id='word_1_60' title='bbox 841 1055 916 1135; x_wconf 85' lang='grc' dir='ltr'><em>τοάς</em></span> <span class='ocrx_word' id='word_1_61' title='bbox 936 1062 993 1123; x_wconf 81' lang='grc' dir='ltr'><em>τοῦ</em></span> <span class='ocrx_word' id='word_1_62' title='bbox 1021 1059 1134 1142; x_wconf 78' lang='grc' dir='ltr'><em>διαβά-</em></span> 
     </span>
     <span class='ocr_line' id='line_1_8' title="bbox 49 1153 1135 1244; baseline 0.001 -24"><span class='ocrx_word' id='word_1_63' title='bbox 49 1161 98 1220; x_wconf 94' lang='grc' dir='ltr'>λου</span> <span class='ocrx_word' id='word_1_64' title='bbox 116 1153 296 1243; x_wconf 73' lang='grc' dir='ltr'><em>συνεργούς,</em></span> <span class='ocrx_word' id='word_1_65' title='bbox 317 1159 399 1242; x_wconf 78' lang='grc' dir='ltr'><em>λέγω</em></span> <span class='ocrx_word' id='word_1_66' title='bbox 413 1155 452 1244; x_wconf 78' lang='grc' dir='ltr'>δή</span> <span class='ocrx_word' id='word_1_67' title='bbox 477 1154 642 1224; x_wconf 75' lang='grc' dir='ltr'><em>’Λντώνιον</em></span> <span class='ocrx_word' id='word_1_68' title='bbox 662 1161 718 1223; x_wconf 82' lang='grc' dir='ltr'><strong><em>καί</em></strong></span> <span class='ocrx_word' id='word_1_69' title='bbox 735 1154 878 1242; x_wconf 77' lang='grc' dir='ltr'><em>Ἰωάννην</em></span> <span class='ocrx_word' id='word_1_70' title='bbox 897 1159 954 1222; x_wconf 73' lang='grc' dir='ltr'><em>κατ’</em></span> <span class='ocrx_word' id='word_1_71' title='bbox 970 1154 1046 1233; x_wconf 84' lang='grc' dir='ltr'><em>τοάς</em></span> <span class='ocrx_word' id='word_1_72' title='bbox 1065 1161 1135 1239; x_wconf 87' lang='grc' dir='ltr'><em>μετ’</em></span> 
     </span>
     <span class='ocr_line' id='line_1_9' title="bbox 49 1248 1135 1340; baseline 0.001 -21"><span class='ocrx_word' id='word_1_73' title='bbox 49 1248 152 1320; x_wconf 82' lang='grc' dir='ltr'><em>αάτάν.</em></span> <span class='ocrx_word' id='word_1_74' title='bbox 203 1258 258 1320; x_wconf 80' lang='grc' dir='ltr'><em>καί</em></span> <span class='ocrx_word' id='word_1_75' title='bbox 287 1258 397 1323; x_wconf 82' lang='grc' dir='ltr'><em>λοιπόν</em></span> <span class='ocrx_word' id='word_1_76' title='bbox 424 1257 544 1323; x_wconf 77' lang='grc' dir='ltr'><em>τούτων</em></span> <span class='ocrx_word' id='word_1_77' title='bbox 578 1262 752 1340; x_wconf 75' lang='grc' dir='ltr'><em>γινομένων</em></span> <span class='ocrx_word' id='word_1_78' title='bbox 779 1256 948 1340; x_wconf 76' lang='grc' dir='ltr'><em>συνήγοντο</em></span> <span class='ocrx_word' id='word_1_79' title='bbox 967 1255 1081 1330; x_wconf 81' lang='grc' dir='ltr'><em>πάντες</em></span> <span class='ocrx_word' id='word_1_80' title='bbox 1103 1253 1135 1320; x_wconf 83' lang='grc' dir='ltr'>οῖ</span> 
     </span>
     <span class='ocr_line' id='line_1_10' title="bbox 49 1352 1134 1443; baseline 0 -25"><span class='ocrx_word' id='word_1_81' title='bbox 49 1352 202 1420; x_wconf 82' lang='grc' dir='ltr'><em>ἐπίσκοποι</em></span> <span class='ocrx_word' id='word_1_82' title='bbox 233 1360 289 1422; x_wconf 87' lang='grc' dir='ltr'>ιιαί</span> <span class='ocrx_word' id='word_1_83' title='bbox 309 1354 338 1421; x_wconf 82' lang='lat' dir='ltr'>oi</span> <span class='ocrx_word' id='word_1_84' title='bbox 368 1359 506 1442; x_wconf 81' lang='grc' dir='ltr'><em>μοναχοί</em></span> <span class='ocrx_word' id='word_1_85' title='bbox 525 1360 570 1434; x_wconf 81' lang='grc' dir='ltr'><em>τίς</em></span> <span class='ocrx_word' id='word_1_86' title='bbox 590 1353 626 1422; x_wconf 83' lang='grc' dir='ltr'>τά</span> <span class='ocrx_word' id='word_1_87' title='bbox 656 1365 892 1443; x_wconf 84' lang='grc' dir='ltr'><em>πατριαρχεῐον,</em></span> <span class='ocrx_word' id='word_1_88' title='bbox 913 1353 968 1420; x_wconf 82' lang='grc' dir='ltr'><em>καὶ</em></span> <span class='ocrx_word' id='word_1_89' title='bbox 987 1353 1134 1439; x_wconf 80' lang='grc' dir='ltr'><em>α’νεγίνω-</em></span> 
     </span>
     <span class='ocr_line' id='line_1_11' title="bbox 20 1452 1135 1544; baseline 0.002 -28"><span class='ocrx_word' id='word_1_90' title='bbox 20 1457 117 1518; x_wconf 83' lang='grc' dir='ltr'><em>Ῑθσιιον</em></span> <span class='ocrx_word' id='word_1_91' title='bbox 138 1455 243 1532; x_wconf 87' lang='grc' dir='ltr'><em>πάσας</em></span> <span class='ocrx_word' id='word_1_92' title='bbox 261 1454 319 1532; x_wconf 89' lang='grc' dir='ltr'>τάς</span> <span class='ocrx_word' id='word_1_93' title='bbox 338 1454 471 1542; x_wconf 76' lang='grc' dir='ltr'><em>χρήσεις</em></span> <span class='ocrx_word' id='word_1_94' title='bbox 490 1461 555 1524; x_wconf 79' lang='grc' dir='ltr'><em>τῶν</em></span> <span class='ocrx_word' id='word_1_95' title='bbox 577 1461 732 1544; x_wconf 80' lang='grc' dir='ltr'><em>πατέρων,</em></span> <span class='ocrx_word' id='word_1_96' title='bbox 753 1452 853 1539; x_wconf 78' lang='grc' dir='ltr'><em>ἅσπερ</em></span> <span class='ocrx_word' id='word_1_97' title='bbox 876 1454 906 1520; x_wconf 82' lang='grc' dir='ltr'>οἱ</span> <span class='ocrx_word' id='word_1_98' title='bbox 927 1459 1063 1522; x_wconf 83' lang='grc' dir='ltr'><em>ε’ναντιόι</em></span> <span class='ocrx_word' id='word_1_99' title='bbox 1078 1479 1135 1519; x_wconf 74' lang='grc' dir='ltr'><em>κα.</em></span> 
     </span>
     <span class='ocr_line' id='line_1_12' title="bbox 49 1551 1135 1643; baseline 0.007 -30"><span class='ocrx_word' id='word_1_100' title='bbox 49 1551 179 1637; x_wconf 80' lang='grc' dir='ltr'><em>κοάργως</em></span> <span class='ocrx_word' id='word_1_101' title='bbox 193 1556 249 1619; x_wconf 82' lang='grc' dir='ltr'><strong><em>καί</em></strong></span> <span class='ocrx_word' id='word_1_102' title='bbox 267 1557 405 1638; x_wconf 73' lang='grc' dir='ltr'><em>οἶμαθιός</em></span> <span class='ocrx_word' id='word_1_103' title='bbox 421 1560 605 1643; x_wconf 81' lang='grc' dir='ltr'><em>προέφορον,</em></span> <span class='ocrx_word' id='word_1_104' title='bbox 626 1551 853 1642; x_wconf 76' lang='grc' dir='ltr'><em>ἓρμηνεάοντος</em></span> <span class='ocrx_word' id='word_1_105' title='bbox 872 1551 971 1632; x_wconf 76' lang='grc' dir='ltr'><em>αὐτὰς</em></span> <span class='ocrx_word' id='word_1_106' title='bbox 992 1558 1051 1622; x_wconf 78' lang='grc' dir='ltr'><em>τοῦ</em></span> <span class='ocrx_word' id='word_1_107' title='bbox 1071 1581 1135 1621; x_wconf 89' lang='grc' dir='ltr'><em>πα.</em></span> 
     </span>
     <span class='ocr_line' id='line_1_13' title="bbox 48 1649 1229 1742; baseline 0.011 -28"><span class='ocrx_word' id='word_1_108' title='bbox 48 1649 202 1740; x_wconf 86' lang='grc' dir='ltr'><em>τριάρχου,</em></span> <span class='ocrx_word' id='word_1_109' title='bbox 215 1655 280 1720; x_wconf 75' lang='grc' dir='ltr'><em>’καὶ</em></span> <span class='ocrx_word' id='word_1_110' title='bbox 296 1659 441 1739; x_wconf 76' lang='grc' dir='ltr'><em>λέγοντος</em></span> <span class='ocrx_word' id='word_1_111' title='bbox 460 1655 542 1742; x_wconf 80' lang='grc' dir='ltr'><em>πρὸς</em></span> <span class='ocrx_word' id='word_1_112' title='bbox 562 1657 685 1732; x_wconf 80' lang='grc' dir='ltr'><em>πάντας</em></span> <span class='ocrx_word' id='word_1_113' title='bbox 706 1655 770 1741; x_wconf 80' lang='grc' dir='ltr'><em>“μη“</em></span> <span class='ocrx_word' id='word_1_114' title='bbox 794 1652 883 1738; x_wconf 76' lang='grc' dir='ltr'><em>ἔχετέ</em></span> <span class='ocrx_word' id='word_1_115' title='bbox 902 1681 948 1732; x_wconf 91' lang='grc' dir='ltr'><em>τις</em></span> <span class='ocrx_word' id='word_1_116' title='bbox 968 1653 1229 1739; x_wconf 77' lang='grc' dir='ltr'>λεγόμευόνι).439</span> 
     </span>
     <span class='ocr_line' id='line_1_14' title="bbox 48 1751 1137 1842; baseline 0.008 -29"><span class='ocrx_word' id='word_1_117' title='bbox 48 1775 74 1814; x_wconf 89' lang='grc' dir='ltr'><em>τι</em></span> <span class='ocrx_word' id='word_1_118' title='bbox 92 1754 126 1816; x_wconf 74' lang='grc' dir='ltr'>ἐν</span> <span class='ocrx_word' id='word_1_119' title='bbox 145 1753 291 1834; x_wconf 87' lang='grc' dir='ltr'><em>τοάτοις,</em></span> <span class='ocrx_word' id='word_1_120' title='bbox 311 1756 487 1842; x_wconf 74' lang='grc' dir='ltr'><em>άδελφοίς”</em></span> <span class='ocrx_word' id='word_1_121' title='bbox 516 1757 572 1821; x_wconf 82' lang='grc' dir='ltr'><strong><em>καί</em></strong></span> <span class='ocrx_word' id='word_1_122' title='bbox 593 1757 767 1842; x_wconf 81' lang='grc' dir='ltr'><em>α’νέκραξαν</em></span> <span class='ocrx_word' id='word_1_123' title='bbox 800 1752 915 1832; x_wconf 75' lang='grc' dir='ltr'><em>πάντες</em></span> <span class='ocrx_word' id='word_1_124' title='bbox 941 1751 1054 1836; x_wconf 77' lang='grc' dir='ltr'><em>“ἶ’σμεν</em></span> <span class='ocrx_word' id='word_1_125' title='bbox 1081 1759 1137 1822; x_wconf 83' lang='grc' dir='ltr'><strong><em>καί</em></strong></span> 
     </span>
     <span class='ocr_line' id='line_1_15' title="bbox 48 1850 1134 1942; baseline 0.006 -29"><span class='ocrx_word' id='word_1_126' title='bbox 48 1850 351 1940; x_wconf 82' lang='grc' dir='ltr'><em>πεπληροφορήμεθα</em></span> <span class='ocrx_word' id='word_1_127' title='bbox 372 1851 424 1922; x_wconf 75' lang='grc' dir='ltr'><em>ὅτι</em></span> <span class='ocrx_word' id='word_1_128' title='bbox 443 1855 566 1942; x_wconf 85' lang='grc' dir='ltr'><em>οἷληθής</em></span> <span class='ocrx_word' id='word_1_129' title='bbox 587 1858 657 1922; x_wconf 78' lang='grc' dir='ltr'><em>ἐστι</em></span> <span class='ocrx_word' id='word_1_130' title='bbox 678 1853 699 1940; x_wconf 81' lang='grc' dir='ltr'><em>ἦ</em></span> <span class='ocrx_word' id='word_1_131' title='bbox 718 1855 824 1935; x_wconf 87' lang='grc' dir='ltr'><em>πίστις</em></span> <span class='ocrx_word' id='word_1_132' title='bbox 836 1852 925 1942; x_wconf 76' lang='grc' dir='ltr'><em>ήμάν</em></span> <span class='ocrx_word' id='word_1_133' title='bbox 944 1857 1001 1920; x_wconf 80' lang='lat' dir='ltr'>noi</span> <span class='ocrx_word' id='word_1_134' title='bbox 1018 1854 1134 1932; x_wconf 80' lang='grc' dir='ltr'><em>πάντες</em></span> 
     </span>
     <span class='ocr_line' id='line_1_16' title="bbox 19 1949 1135 2044; baseline 0.007 -32"><span class='ocrx_word' id='word_1_135' title='bbox 19 1949 86 2025; x_wconf 60' lang='lat' dir='ltr'>usic</span> <span class='ocrx_word' id='word_1_136' title='bbox 113 1954 205 2017; x_wconf 77' lang='grc' dir='ltr'><em>τοῦτο</em></span> <span class='ocrx_word' id='word_1_137' title='bbox 231 1953 506 2038; x_wconf 83' lang='grc' dir='ltr'><em>άποθνήσκομεν.”</em></span> <span class='ocrx_word' id='word_1_138' title='bbox 561 1959 618 2021; x_wconf 79' lang='grc' dir='ltr'><em>καί</em></span> <span class='ocrx_word' id='word_1_139' title='bbox 637 1953 655 2018; x_wconf 79' lang='grc' dir='ltr'>ὅ</span> <span class='ocrx_word' id='word_1_140' title='bbox 676 1956 879 2044; x_wconf 80' lang='grc' dir='ltr'><em>πατριάρχης</em></span> <span class='ocrx_word' id='word_1_141' title='bbox 906 1955 986 2040; x_wconf 84' lang='grc' dir='ltr'><em>πρὸς</em></span> <span class='ocrx_word' id='word_1_142' title='bbox 1018 1954 1135 2031; x_wconf 80' lang='grc' dir='ltr'><em>αάτούς</em></span> 
     </span>
     <span class='ocr_line' id='line_1_17' title="bbox 49 2044 1136 2144; baseline 0.007 -34"><span class='ocrx_word' id='word_1_143' title='bbox 49 2049 168 2114; x_wconf 48' lang='grc' dir='ltr'><em>(λοιπὸν</em></span> <span class='ocrx_word' id='word_1_144' title='bbox 195 2044 275 2135; x_wconf 68' lang='grc' dir='ltr'>οὖν,</span> <span class='ocrx_word' id='word_1_145' title='bbox 296 2052 435 2138; x_wconf 80' lang='grc' dir='ltr'><em>α’δελφοί</em></span> <span class='ocrx_word' id='word_1_146' title='bbox 446 2106 455 2139; x_wconf 88' lang='grc'>,</span> <span class='ocrx_word' id='word_1_147' title='bbox 477 2055 511 2120; x_wconf 74' lang='grc' dir='ltr'>ἐν</span> <span class='ocrx_word' id='word_1_148' title='bbox 539 2052 669 2144; x_wconf 78' lang='grc' dir='ltr'><em>ὅμονοίη</em></span> <span class='ocrx_word' id='word_1_149' title='bbox 695 2054 845 2138; x_wconf 77' lang='grc' dir='ltr'><em>ἔσοι’μεθα</em></span> <span class='ocrx_word' id='word_1_150' title='bbox 865 2056 921 2119; x_wconf 79' lang='grc' dir='ltr'><em>καί</em></span> <span class='ocrx_word' id='word_1_151' title='bbox 939 2056 1136 2139; x_wconf 79' lang='grc' dir='ltr'><em>συνημμένον</em></span> 
     </span>
     <span class='ocr_line' id='line_1_18' title="bbox 48 2147 1135 2243; baseline 0.003 -31"><span class='ocrx_word' id='word_1_152' title='bbox 48 2147 152 2236; x_wconf 77' lang='grc' dir='ltr'><em>ἒτμιηῖ</em></span> <span class='ocrx_word' id='word_1_153' title='bbox 180 2155 275 2239; x_wconf 74' lang='grc' dir='ltr'><em>ψυχῇ</em></span> <span class='ocrx_word' id='word_1_154' title='bbox 303 2155 338 2216; x_wconf 73' lang='grc' dir='ltr'>ἐν</span> <span class='ocrx_word' id='word_1_155' title='bbox 356 2155 455 2241; x_wconf 79' lang='grc' dir='ltr'><em>ταάτη</em></span> <span class='ocrx_word' id='word_1_156' title='bbox 489 2157 528 2240; x_wconf 77' lang='grc' dir='ltr'><em>τῇ</em></span> <span class='ocrx_word' id='word_1_157' title='bbox 550 2151 699 2243; x_wconf 74' lang='grc' dir='ltr'><em>ὁμολογίην</em></span> <span class='ocrx_word' id='word_1_158' title='bbox 717 2156 921 2239; x_wconf 64' lang='lat' dir='ltr'>deterrerer,</span> <span class='ocrx_word' id='word_1_159' title='bbox 941 2150 995 2217; x_wconf 81' lang='grc' dir='ltr'><em>καί</em></span> <span class='ocrx_word' id='word_1_160' title='bbox 1015 2151 1059 2236; x_wconf 86' lang='grc' dir='ltr'>μή</span> <span class='ocrx_word' id='word_1_161' title='bbox 1081 2148 1135 2216; x_wconf 79' lang='grc' dir='ltr'><em>τά.</em></span> 
     </span>
     <span class='ocr_line' id='line_1_19' title="bbox 48 2250 1136 2338; baseline 0.006 -28"><span class='ocrx_word' id='word_1_162' title='bbox 48 2251 135 2326; x_wconf 88' lang='grc' dir='ltr'><em>ρωοίν</em></span> <span class='ocrx_word' id='word_1_163' title='bbox 156 2273 225 2314; x_wconf 89' lang='grc' dir='ltr'><em>τινα</em></span> <span class='ocrx_word' id='word_1_164' title='bbox 246 2251 281 2329; x_wconf 74' lang='grc' dir='ltr'>ἐξ</span> <span class='ocrx_word' id='word_1_165' title='bbox 300 2251 392 2335; x_wconf 70' lang='grc' dir='ltr'><em>ἡμῶν</em></span> <span class='ocrx_word' id='word_1_166' title='bbox 411 2255 614 2338; x_wconf 80' lang='grc' dir='ltr'><em>α’ποχωρίσαι</em></span> <span class='ocrx_word' id='word_1_167' title='bbox 638 2252 668 2319; x_wconf 77' lang='grc' dir='ltr'>οἱ</span> <span class='ocrx_word' id='word_1_168' title='bbox 688 2257 743 2338; x_wconf 79' lang='grc' dir='ltr'><em>τῆς</em></span> <span class='ocrx_word' id='word_1_169' title='bbox 763 2251 911 2330; x_wconf 76' lang='grc' dir='ltr'><em>ἐναντίας</em></span> <span class='ocrx_word' id='word_1_170' title='bbox 933 2250 1057 2336; x_wconf 81' lang='grc' dir='ltr'><em>μοίρας,</em></span> <span class='ocrx_word' id='word_1_171' title='bbox 1079 2257 1136 2316; x_wconf 82' lang='grc' dir='ltr'><strong><em>καί</em></strong></span> 
     </span>
     <span class='ocr_line' id='line_1_20' title="bbox 51 2346 1134 2438; baseline 0.006 -30"><span class='ocrx_word' id='word_1_172' title='bbox 51 2346 81 2408; x_wconf 75' lang='grc' dir='ltr'>οὐ</span> <span class='ocrx_word' id='word_1_173' title='bbox 98 2347 141 2431; x_wconf 81' lang='grc' dir='ltr'>μή</span> <span class='ocrx_word' id='word_1_174' title='bbox 174 2349 372 2432; x_wconf 84' lang='grc' dir='ltr'><em>ίοχάσιοσιν·</em></span> <span class='ocrx_word' id='word_1_175' title='bbox 414 2355 542 2429; x_wconf 81' lang='grc' dir='ltr'><em>πλείους</em></span> <span class='ocrx_word' id='word_1_176' title='bbox 571 2350 634 2438; x_wconf 75' lang='grc' dir='ltr'><em>γάρ</em></span> <span class='ocrx_word' id='word_1_177' title='bbox 669 2354 776 2418; x_wconf 74' lang='grc' dir='ltr'><em>αὐτῶν</em></span> <span class='ocrx_word' id='word_1_178' title='bbox 805 2355 901 2434; x_wconf 77' lang='grc' dir='ltr'><em>ἐσμὲν</em></span> <span class='ocrx_word' id='word_1_179' title='bbox 920 2354 1029 2436; x_wconf 85' lang='grc' dir='ltr'><em>χάριτι</em></span> <span class='ocrx_word' id='word_1_180' title='bbox 1049 2356 1134 2438; x_wconf 86' lang='grc' dir='ltr'><em>Χρι-</em></span> 
     </span>
    </p>
   </div>
   <div class='ocr_carea' id='block_1_3' title="bbox 18 2447 1174 2840">
    <p class='ocr_par' dir='ltr' id='par_1_3' title="bbox 18 2447 1174 2840">
     <span class='ocr_line' id='line_1_21' title="bbox 18 2447 1132 2537; baseline 0.004 -29"><span class='ocrx_word' id='word_1_181' title='bbox 18 2447 149 2511; x_wconf 77' lang='grc' dir='ltr'><em>λθοτοῦ.”</em></span> <span class='ocrx_word' id='word_1_182' title='bbox 186 2448 217 2512; x_wconf 83' lang='grc' dir='ltr'>οἱ</span> <span class='ocrx_word' id='word_1_183' title='bbox 238 2451 274 2514; x_wconf 78' lang='grc' dir='ltr'>δὲ</span> <span class='ocrx_word' id='word_1_184' title='bbox 296 2451 391 2516; x_wconf 89' lang='grc' dir='ltr'><em>πάλιν</em></span> <span class='ocrx_word' id='word_1_185' title='bbox 410 2453 587 2537; x_wconf 73' lang='grc' dir='ltr'><em>ἀνέκραξαν</em></span> <span class='ocrx_word' id='word_1_186' title='bbox 608 2448 888 2535; x_wconf 74' lang='grc' dir='ltr'><em>διαβεβαιούμενοι</em></span> <span class='ocrx_word' id='word_1_187' title='bbox 906 2450 966 2528; x_wconf 78' lang='grc' dir='ltr'>ἕως</span> <span class='ocrx_word' id='word_1_188' title='bbox 987 2447 1132 2516; x_wconf 88' lang='grc' dir='ltr'><em>θανάτου</em></span> 
     </span>
     <span class='ocr_line' id='line_1_22' title="bbox 50 2545 1133 2637; baseline 0.005 -28"><span class='ocrx_word' id='word_1_189' title='bbox 50 2545 229 2630; x_wconf 71' lang='grc' dir='ltr'><em>ἀντέχεσθαι</em></span> <span class='ocrx_word' id='word_1_190' title='bbox 259 2553 317 2616; x_wconf 77' lang='grc' dir='ltr'><em>καί</em></span> <span class='ocrx_word' id='word_1_191' title='bbox 340 2552 538 2637; x_wconf 76' lang='grc' dir='ltr'><em>ὑπερμαχεῖν</em></span> <span class='ocrx_word' id='word_1_192' title='bbox 567 2551 647 2636; x_wconf 77' lang='grc' dir='ltr'><em>ὑπὲρ</em></span> <span class='ocrx_word' id='word_1_193' title='bbox 668 2555 724 2636; x_wconf 83' lang='grc' dir='ltr'><em>τῆς</em></span> <span class='ocrx_word' id='word_1_194' title='bbox 753 2554 926 2637; x_wconf 79' lang='grc' dir='ltr'><em>ἐκκλησίας,</em></span> <span class='ocrx_word' id='word_1_195' title='bbox 948 2547 1133 2633; x_wconf 81' lang='grc' dir='ltr'><em>ποιήσαντες</em></span> 
     </span>
     <span class='ocr_line' id='line_1_23' title="bbox 50 2647 1163 2740; baseline 0.004 -29"><span class='ocrx_word' id='word_1_196' title='bbox 50 2647 197 2736; x_wconf 74' lang='grc' dir='ltr'><em>σταυροὺς</em></span> <span class='ocrx_word' id='word_1_197' title='bbox 230 2654 286 2716; x_wconf 76' lang='grc' dir='ltr'><em>κατ’</em></span> <span class='ocrx_word' id='word_1_198' title='bbox 314 2649 459 2740; x_wconf 73' lang='grc' dir='ltr'><em>ἔηηιραφα</em></span> <span class='ocrx_word' id='word_1_199' title='bbox 489 2656 535 2728; x_wconf 82' lang='grc' dir='ltr'>εἰς</span> <span class='ocrx_word' id='word_1_200' title='bbox 571 2652 729 2736; x_wconf 86' lang='grc' dir='ltr'><em>α’λλήλους</em></span> <span class='ocrx_word' id='word_1_201' title='bbox 761 2656 819 2717; x_wconf 79' lang='grc' dir='ltr'><em>τοῦ</em></span> <span class='ocrx_word' id='word_1_202' title='bbox 850 2651 895 2734; x_wconf 88' lang='grc' dir='ltr'>μή</span> <span class='ocrx_word' id='word_1_203' title='bbox 924 2654 1163 2734; x_wconf 54' lang='lat' dir='ltr'>poeaitentiam</span> 
     </span>
     <span class='ocr_line' id='line_1_24' title="bbox 48 2747 1174 2840; baseline 0.007 -32"><span class='ocrx_word' id='word_1_204' title='bbox 48 2749 136 2814; x_wconf 79' lang='grc' dir='ltr'><em>ταῦτα</em></span> <span class='ocrx_word' id='word_1_205' title='bbox 157 2749 304 2838; x_wconf 75' lang='grc' dir='ltr'><em>ἐπράχθη</em></span> <span class='ocrx_word' id='word_1_206' title='bbox 324 2752 386 2838; x_wconf 89' lang='grc' dir='ltr'>πρὸ</span> <span class='ocrx_word' id='word_1_207' title='bbox 405 2755 468 2818; x_wconf 79' lang='grc' dir='ltr'><em>τῶν</em></span> <span class='ocrx_word' id='word_1_208' title='bbox 486 2749 612 2840; x_wconf 76' lang='grc' dir='ltr'><em>ἑορτῶν.</em></span> <span class='ocrx_word' id='word_1_209' title='bbox 654 2749 847 2837; x_wconf 76' lang='grc' dir='ltr'><em>φθασάντων</em></span> <span class='ocrx_word' id='word_1_210' title='bbox 872 2754 907 2816; x_wconf 80' lang='grc' dir='ltr'>δὲ</span> <span class='ocrx_word' id='word_1_211' title='bbox 928 2754 990 2815; x_wconf 82' lang='grc' dir='ltr'><em>τῶν</em></span> <span class='ocrx_word' id='word_1_212' title='bbox 1012 2747 1131 2836; x_wconf 72' lang='grc' dir='ltr'><em>ἑορτῶν</em></span> <span class='ocrx_word' id='word_1_213' title='bbox 1141 2767 1174 2818; x_wconf 77' lang='grc'>14</span> 
     </span>
    </p>
   </div>
   <div class='ocr_carea' id='block_1_4' title="bbox 27 3056 1129 4333">
    <p class='ocr_par' dir='ltr' id='par_1_4' title="bbox 27 3056 1129 4333">
     <span class='ocr_line' id='line_1_25' title="bbox 48 3056 1128 3132; baseline 0.006 -29"><span class='ocrx_word' id='word_1_214' title='bbox 48 3056 109 3119; x_wconf 86' lang='lat' dir='ltr'>perii</span> <span class='ocrx_word' id='word_1_215' title='bbox 125 3057 184 3108; x_wconf 87' lang='lat' dir='ltr'>eius</span> <span class='ocrx_word' id='word_1_216' title='bbox 204 3057 289 3110; x_wconf 77' lang='lat' dir='ltr'>annos</span> <span class='ocrx_word' id='word_1_217' title='bbox 307 3059 420 3112; x_wconf 87' lang='lat' dir='ltr'>studens</span> <span class='ocrx_word' id='word_1_218' title='bbox 450 3062 590 3132; x_wconf 76' lang='lat' dir='ltr'><strong>consequi.</strong></span> <span class='ocrx_word' id='word_1_219' title='bbox 628 3061 661 3112; x_wconf 86' lang='lat' dir='ltr'>ad</span> <span class='ocrx_word' id='word_1_220' title='bbox 681 3068 763 3132; x_wconf 86' lang='lat' dir='ltr'>caput</span> <span class='ocrx_word' id='word_1_221' title='bbox 786 3063 858 3114; x_wconf 88' lang='lat' dir='ltr'>enim</span> <span class='ocrx_word' id='word_1_222' title='bbox 877 3062 998 3127; x_wconf 80' lang='lat' dir='ltr'>imaginis</span> <span class='ocrx_word' id='word_1_223' title='bbox 1017 3061 1128 3128; x_wconf 83' lang='lat' dir='ltr'>legeba-</span> 
     </span>
     <span class='ocr_line' id='line_1_26' title="bbox 49 3128 1129 3202; baseline 0.009 -29"><span class='ocrx_word' id='word_1_224' title='bbox 49 3131 86 3174; x_wconf 91' lang='lat' dir='ltr'>tur</span> <span class='ocrx_word' id='word_1_225' title='bbox 109 3128 236 3198; x_wconf 84' lang='lat' dir='ltr'>scriptum</span> <span class='ocrx_word' id='word_1_226' title='bbox 266 3138 366 3199; x_wconf 85' lang='lat' dir='ltr'>“quam</span> <span class='ocrx_word' id='word_1_227' title='bbox 396 3131 524 3201; x_wconf 78' lang='lat' dir='ltr'>deposuit</span> <span class='ocrx_word' id='word_1_228' title='bbox 549 3131 686 3202; x_wconf 85' lang='lat' dir='ltr'>quondam</span> <span class='ocrx_word' id='word_1_229' title='bbox 710 3133 765 3183; x_wconf 89' lang='lat' dir='ltr'>Leo</span> <span class='ocrx_word' id='word_1_230' title='bbox 784 3133 962 3202; x_wconf 79' lang='lat' dir='ltr'>principatum</span> <span class='ocrx_word' id='word_1_231' title='bbox 983 3140 1129 3192; x_wconf 81' lang='lat' dir='ltr'>assecutus,</span> 
     </span>
     <span class='ocr_line' id='line_1_27' title="bbox 48 3191 1128 3272; baseline 0.006 -29"><span class='ocrx_word' id='word_1_232' title='bbox 48 3191 93 3245; x_wconf 86' lang='lat' dir='ltr'>huc</span> <span class='ocrx_word' id='word_1_233' title='bbox 110 3199 227 3251; x_wconf 76' lang='lat' dir='ltr'>restituit</span> <span class='ocrx_word' id='word_1_234' title='bbox 243 3202 347 3252; x_wconf 86' lang='lat' dir='ltr'>Irene.&#39;&#39;</span> <span class='ocrx_word' id='word_1_235' title='bbox 382 3202 460 3254; x_wconf 83' lang='lat' dir='ltr'>iilam</span> <span class='ocrx_word' id='word_1_236' title='bbox 479 3205 582 3272; x_wconf 83' lang='lat' dir='ltr'>quippe</span> <span class='ocrx_word' id='word_1_237' title='bbox 603 3203 658 3255; x_wconf 90' lang='lat' dir='ltr'>Leo</span> <span class='ocrx_word' id='word_1_238' title='bbox 682 3203 854 3271; x_wconf 75' lang='lat' dir='ltr'>deposuerat,</span> <span class='ocrx_word' id='word_1_239' title='bbox 872 3211 900 3253; x_wconf 88' lang='lat' dir='ltr'>et</span> <span class='ocrx_word' id='word_1_240' title='bbox 920 3201 1033 3271; x_wconf 85' lang='lat' dir='ltr'>abipso</span> <span class='ocrx_word' id='word_1_241' title='bbox 1053 3199 1128 3252; x_wconf 84' lang='lat' dir='ltr'>urbis</span> 
     </span>
     <span class='ocr_line' id='line_1_28' title="bbox 48 3267 1129 3343; baseline 0.006 -27"><span class='ocrx_word' id='word_1_242' title='bbox 48 3267 151 3320; x_wconf 79' lang='lat' dir='ltr'>conditu</span> <span class='ocrx_word' id='word_1_243' title='bbox 179 3269 219 3322; x_wconf 88' lang='lat' dir='ltr'>ibi</span> <span class='ocrx_word' id='word_1_244' title='bbox 247 3273 335 3340; x_wconf 80' lang='lat' dir='ltr'>imago</span> <span class='ocrx_word' id='word_1_245' title='bbox 354 3273 443 3326; x_wconf 85' lang='lat' dir='ltr'>suerat</span> <span class='ocrx_word' id='word_1_246' title='bbox 470 3276 597 3343; x_wconf 87' lang='lat' dir='ltr'>reposita.</span> <span class='ocrx_word' id='word_1_247' title='bbox 642 3273 695 3324; x_wconf 89' lang='lat' dir='ltr'>hoc</span> <span class='ocrx_word' id='word_1_248' title='bbox 719 3284 827 3342; x_wconf 87' lang='lat' dir='ltr'>peracto</span> <span class='ocrx_word' id='word_1_249' title='bbox 851 3273 952 3323; x_wconf 87' lang='lat' dir='ltr'>diaboii</span> <span class='ocrx_word' id='word_1_250' title='bbox 973 3271 1129 3334; x_wconf 72' lang='lat' dir='ltr'>auxiliante,</span> 
     </span>
     <span class='ocr_line' id='line_1_29' title="bbox 27 3339 1127 3462; baseline 0.005 -75"><span class='ocrx_word' id='word_1_251' title='bbox 27 3397 29 3404; x_wconf 33' lang='grc' dir='ltr'>Ι</span> <span class='ocrx_word' id='word_1_252' title='bbox 48 3339 159 3391; x_wconf 81' lang='lat' dir='ltr'>Antonio</span> <span class='ocrx_word' id='word_1_253' title='bbox 177 3341 287 3411; x_wconf 89' lang='lat' dir='ltr'>inquam</span> <span class='ocrx_word' id='word_1_254' title='bbox 306 3352 335 3395; x_wconf 88' lang='lat' dir='ltr'>et</span> <span class='ocrx_word' id='word_1_255' title='bbox 354 3346 448 3396; x_wconf 88' lang='lat' dir='ltr'>ioanni</span> <span class='ocrx_word' id='word_1_256' title='bbox 468 3353 496 3396; x_wconf 88' lang='lat' dir='ltr'>et</span> <span class='ocrx_word' id='word_1_257' title='bbox 521 3345 669 3395; x_wconf 81' lang='lat' dir='ltr'>facinorum</span> <span class='ocrx_word' id='word_1_258' title='bbox 691 3345 780 3407; x_wconf 81' lang='lat' dir='ltr'>sociis,</span> <span class='ocrx_word' id='word_1_259' title='bbox 799 3341 933 3462; x_wconf 85' lang='lat' dir='ltr'>quidquid</span> <span class='ocrx_word' id='word_1_260' title='bbox 953 3339 1127 3411; x_wconf 87' lang='lat' dir='ltr'>perpetrandi</span> 
     </span>
     <span class='ocr_line' id='line_1_30' title="bbox 49 3404 1128 3485; baseline 0.007 -32"><span class='ocrx_word' id='word_1_261' title='bbox 49 3404 196 3462; x_wconf 79' lang='lat' dir='ltr'>faculurrm</span> <span class='ocrx_word' id='word_1_262' title='bbox 214 3415 345 3482; x_wconf 82' lang='lat' dir='ltr'>permisit.</span> <span class='ocrx_word' id='word_1_263' title='bbox 381 3413 425 3466; x_wconf 86' lang='lat' dir='ltr'>his</span> <span class='ocrx_word' id='word_1_264' title='bbox 443 3417 482 3466; x_wconf 86' lang='lat' dir='ltr'>ita</span> <span class='ocrx_word' id='word_1_265' title='bbox 496 3416 578 3482; x_wconf 82' lang='lat' dir='ltr'>gestie</span> <span class='ocrx_word' id='word_1_266' title='bbox 597 3417 718 3485; x_wconf 78' lang='lat' dir='ltr'>episcopi</span> <span class='ocrx_word' id='word_1_267' title='bbox 737 3423 765 3466; x_wconf 89' lang='lat' dir='ltr'>et</span> <span class='ocrx_word' id='word_1_268' title='bbox 781 3432 874 3464; x_wconf 88' lang='lat' dir='ltr'>monac</span> <span class='ocrx_word' id='word_1_269' title='bbox 884 3415 905 3463; x_wconf 87' lang='lat' dir='ltr'>ri</span> <span class='ocrx_word' id='word_1_270' title='bbox 923 3413 1012 3464; x_wconf 91' lang='lat' dir='ltr'>cuncti</span> <span class='ocrx_word' id='word_1_271' title='bbox 1030 3414 1057 3462; x_wconf 91' lang='lat' dir='ltr'>in</span> <span class='ocrx_word' id='word_1_272' title='bbox 1076 3428 1128 3480; x_wconf 89' lang='lat' dir='ltr'>pa-</span> 
     </span>
     <span class='ocr_line' id='line_1_31' title="bbox 49 3479 1126 3554; baseline 0.007 -30"><span class='ocrx_word' id='word_1_273' title='bbox 49 3479 193 3532; x_wconf 86' lang='lat' dir='ltr'>triarchium</span> <span class='ocrx_word' id='word_1_274' title='bbox 217 3485 429 3550; x_wconf 84' lang='lat' dir='ltr'>conveniebant,</span> <span class='ocrx_word' id='word_1_275' title='bbox 453 3495 483 3538; x_wconf 83' lang='lat' dir='ltr'>et</span> <span class='ocrx_word' id='word_1_276' title='bbox 508 3486 581 3538; x_wconf 84' lang='lat' dir='ltr'>dicte</span> <span class='ocrx_word' id='word_1_277' title='bbox 605 3495 710 3554; x_wconf 85' lang='lat' dir='ltr'>potrum</span> <span class='ocrx_word' id='word_1_278' title='bbox 731 3487 822 3536; x_wconf 84' lang='lat' dir='ltr'>omnia</span> <span class='ocrx_word' id='word_1_279' title='bbox 852 3484 1036 3554; x_wconf 68' lang='lat' dir='ltr'>perlegebam,</span> <span class='ocrx_word' id='word_1_280' title='bbox 1056 3499 1126 3552; x_wconf 86' lang='lat' dir='ltr'>quae</span> 
     </span>
     <span class='ocr_line' id='line_1_32' title="bbox 49 3546 1125 3625; baseline 0.009 -31"><span class='ocrx_word' id='word_1_281' title='bbox 49 3546 183 3602; x_wconf 76' lang='lat' dir='ltr'>adversarii</span> <span class='ocrx_word' id='word_1_282' title='bbox 211 3555 346 3606; x_wconf 84' lang='lat' dir='ltr'>malitiose</span> <span class='ocrx_word' id='word_1_283' title='bbox 376 3563 405 3608; x_wconf 84' lang='lat' dir='ltr'>et</span> <span class='ocrx_word' id='word_1_284' title='bbox 427 3557 564 3608; x_wconf 88' lang='lat' dir='ltr'>inerudite</span> <span class='ocrx_word' id='word_1_285' title='bbox 587 3555 846 3625; x_wconf 83' lang='lat' dir='ltr'>interpretabantur.</span> <span class='ocrx_word' id='word_1_286' title='bbox 891 3553 1042 3624; x_wconf 90' lang='lat' dir='ltr'>patriarcha</span> <span class='ocrx_word' id='word_1_287' title='bbox 1061 3570 1125 3604; x_wconf 87' lang='lat' dir='ltr'>vero</span> 
     </span>
     <span class='ocr_line' id='line_1_33' title="bbox 49 3623 1127 3692; baseline 0.006 -25"><span class='ocrx_word' id='word_1_288' title='bbox 49 3633 145 3671; x_wconf 83' lang='lat' dir='ltr'>sensum</span> <span class='ocrx_word' id='word_1_289' title='bbox 163 3639 255 3676; x_wconf 87' lang='lat' dir='ltr'>eorum</span> <span class='ocrx_word' id='word_1_290' title='bbox 276 3625 406 3678; x_wconf 84' lang='lat' dir='ltr'>reddente</span> <span class='ocrx_word' id='word_1_291' title='bbox 425 3635 453 3678; x_wconf 91' lang='lat' dir='ltr'>et</span> <span class='ocrx_word' id='word_1_292' title='bbox 479 3627 514 3678; x_wconf 88' lang='lat' dir='ltr'>ad</span> <span class='ocrx_word' id='word_1_293' title='bbox 533 3645 625 3680; x_wconf 87' lang='lat' dir='ltr'>omnes</span> <span class='ocrx_word' id='word_1_294' title='bbox 655 3643 805 3678; x_wconf 83' lang='lat' dir='ltr'>sermonem</span> <span class='ocrx_word' id='word_1_295' title='bbox 826 3626 958 3692; x_wconf 84' lang='lat' dir='ltr'>dirigente</span> <span class='ocrx_word' id='word_1_296' title='bbox 976 3633 1058 3676; x_wconf 84' lang='lat' dir='ltr'>“num</span> <span class='ocrx_word' id='word_1_297' title='bbox 1076 3623 1127 3674; x_wconf 87' lang='lat' dir='ltr'>ha-</span> 
     </span>
     <span class='ocr_line' id='line_1_34' title="bbox 48 3685 1125 3767; baseline 0.009 -33"><span class='ocrx_word' id='word_1_298' title='bbox 48 3685 109 3740; x_wconf 87' lang='lat' dir='ltr'>betis</span> <span class='ocrx_word' id='word_1_299' title='bbox 134 3693 242 3764; x_wconf 91' lang='lat' dir='ltr'>aliquid</span> <span class='ocrx_word' id='word_1_300' title='bbox 272 3696 347 3764; x_wconf 91' lang='lat' dir='ltr'>quod</span> <span class='ocrx_word' id='word_1_301' title='bbox 364 3697 451 3749; x_wconf 83' lang='lat' dir='ltr'>verbis</span> <span class='ocrx_word' id='word_1_302' title='bbox 477 3698 537 3750; x_wconf 90' lang='lat' dir='ltr'>istis</span> <span class='ocrx_word' id='word_1_303' title='bbox 560 3699 741 3767; x_wconf 84' lang='lat' dir='ltr'>exprimatur,</span> <span class='ocrx_word' id='word_1_304' title='bbox 769 3697 898 3748; x_wconf 57' lang='lat' dir='ltr'>fratresd&#39;</span> <span class='ocrx_word' id='word_1_305' title='bbox 942 3697 1125 3746; x_wconf 82' lang='lat' dir='ltr'>exclamavere</span> 
     </span>
     <span class='ocr_line' id='line_1_35' title="bbox 48 3763 1126 3829; baseline 0.006 -20"><span class='ocrx_word' id='word_1_306' title='bbox 48 3763 127 3812; x_wconf 84' lang='lat' dir='ltr'>cuncti</span> <span class='ocrx_word' id='word_1_307' title='bbox 144 3765 297 3829; x_wconf 73' lang='lat' dir='ltr'>“novimus,</span> <span class='ocrx_word' id='word_1_308' title='bbox 315 3773 344 3818; x_wconf 89' lang='lat' dir='ltr'>et</span> <span class='ocrx_word' id='word_1_309' title='bbox 360 3768 426 3818; x_wconf 89' lang='lat' dir='ltr'>certi</span> <span class='ocrx_word' id='word_1_310' title='bbox 450 3785 541 3820; x_wconf 82' lang='lat' dir='ltr'>eumue</span> <span class='ocrx_word' id='word_1_311' title='bbox 567 3786 655 3820; x_wconf 84' lang='lat' dir='ltr'>veram</span> <span class='ocrx_word' id='word_1_312' title='bbox 680 3785 738 3820; x_wconf 83' lang='lat' dir='ltr'>erse</span> <span class='ocrx_word' id='word_1_313' title='bbox 757 3768 836 3820; x_wconf 85' lang='lat' dir='ltr'>iidem</span> <span class='ocrx_word' id='word_1_314' title='bbox 863 3774 991 3819; x_wconf 75' lang='lat' dir='ltr'>noctram.</span> <span class='ocrx_word' id='word_1_315' title='bbox 1029 3767 1058 3816; x_wconf 94' lang='lat' dir='ltr'>in</span> <span class='ocrx_word' id='word_1_316' title='bbox 1076 3765 1126 3815; x_wconf 87' lang='lat' dir='ltr'>hac</span> 
     </span>
     <span class='ocr_line' id='line_1_36' title="bbox 47 3833 1126 3908; baseline 0.006 -29"><span class='ocrx_word' id='word_1_317' title='bbox 47 3833 165 3885; x_wconf 82' lang='lat' dir='ltr'>morimur</span> <span class='ocrx_word' id='word_1_318' title='bbox 182 3840 302 3888; x_wconf 81' lang='lat' dir='ltr'>omncs.&#39;&#39;</span> <span class='ocrx_word' id='word_1_319' title='bbox 344 3837 380 3889; x_wconf 80' lang='lat' dir='ltr'>ad</span> <span class='ocrx_word' id='word_1_320' title='bbox 405 3839 469 3890; x_wconf 75' lang='lat' dir='ltr'>ilios</span> <span class='ocrx_word' id='word_1_321' title='bbox 494 3841 645 3907; x_wconf 81' lang='lat' dir='ltr'>patriarcha</span> <span class='ocrx_word' id='word_1_322' title='bbox 666 3847 815 3908; x_wconf 81' lang='lat' dir='ltr'>“superest,</span> <span class='ocrx_word' id='word_1_323' title='bbox 837 3839 942 3900; x_wconf 85' lang='lat' dir='ltr'>fratres,</span> <span class='ocrx_word' id='word_1_324' title='bbox 964 3845 995 3888; x_wconf 90' lang='lat' dir='ltr'>ut</span> <span class='ocrx_word' id='word_1_325' title='bbox 1013 3852 1126 3888; x_wconf 87' lang='lat' dir='ltr'>concor-</span> 
     </span>
     <span class='ocr_line' id='line_1_37' title="bbox 47 3897 1127 3976; baseline 0.006 -26"><span class='ocrx_word' id='word_1_326' title='bbox 47 3897 87 3950; x_wconf 85' lang='lat' dir='ltr'>des</span> <span class='ocrx_word' id='word_1_327' title='bbox 104 3897 311 3972; x_wconf 62' lang='lat' dir='ltr'>perseeeremus,</span> <span class='ocrx_word' id='word_1_328' title='bbox 329 3917 357 3960; x_wconf 87' lang='lat' dir='ltr'>et</span> <span class='ocrx_word' id='word_1_329' title='bbox 379 3909 476 3961; x_wconf 85' lang='lat' dir='ltr'>animis</span> <span class='ocrx_word' id='word_1_330' title='bbox 489 3911 624 3962; x_wconf 87' lang='lat' dir='ltr'>coniuncti</span> <span class='ocrx_word' id='word_1_331' title='bbox 642 3910 693 3961; x_wconf 89' lang='lat' dir='ltr'>hac</span> <span class='ocrx_word' id='word_1_332' title='bbox 713 3911 743 3960; x_wconf 92' lang='lat' dir='ltr'>in</span> <span class='ocrx_word' id='word_1_333' title='bbox 761 3910 930 3960; x_wconf 75' lang='lat' dir='ltr'>consertione</span> <span class='ocrx_word' id='word_1_334' title='bbox 948 3908 1050 3976; x_wconf 86' lang='lat' dir='ltr'>absque</span> <span class='ocrx_word' id='word_1_335' title='bbox 1067 3906 1127 3956; x_wconf 77' lang='lat' dir='ltr'>dis-</span> 
     </span>
     <span class='ocr_line' id='line_1_38' title="bbox 49 3979 1126 4050; baseline 0.007 -32"><span class='ocrx_word' id='word_1_336' title='bbox 49 3984 119 4023; x_wconf 83' lang='lat' dir='ltr'>sensu</span> <span class='ocrx_word' id='word_1_337' title='bbox 137 3993 333 4041; x_wconf 85' lang='lat' dir='ltr'>remaneamur,</span> <span class='ocrx_word' id='word_1_338' title='bbox 354 3987 386 4030; x_wconf 92' lang='lat' dir='ltr'>ut</span> <span class='ocrx_word' id='word_1_339' title='bbox 395 3979 522 4032; x_wconf 79' lang='lat' dir='ltr'>adversae</span> <span class='ocrx_word' id='word_1_340' title='bbox 540 3983 624 4050; x_wconf 84' lang='lat' dir='ltr'>partis</span> <span class='ocrx_word' id='word_1_341' title='bbox 638 3982 762 4032; x_wconf 85' lang='lat' dir='ltr'>homines</span> <span class='ocrx_word' id='word_1_342' title='bbox 773 3980 877 4030; x_wconf 85' lang='lat' dir='ltr'>nulium</span> <span class='ocrx_word' id='word_1_343' title='bbox 892 3981 1026 4048; x_wconf 85' lang='lat' dir='ltr'>reperiant</span> <span class='ocrx_word' id='word_1_344' title='bbox 1044 3995 1126 4046; x_wconf 89' lang='lat' dir='ltr'>quem</span> 
     </span>
     <span class='ocr_line' id='line_1_39' title="bbox 47 4049 1125 4120; baseline 0.006 -28"><span class='ocrx_word' id='word_1_345' title='bbox 47 4055 164 4107; x_wconf 79' lang='lat' dir='ltr'>separent</span> <span class='ocrx_word' id='word_1_346' title='bbox 184 4065 198 4098; x_wconf 87' lang='lat' dir='ltr'>a</span> <span class='ocrx_word' id='word_1_347' title='bbox 216 4049 306 4111; x_wconf 78' lang='lat' dir='ltr'>nobis,</span> <span class='ocrx_word' id='word_1_348' title='bbox 323 4067 374 4101; x_wconf 82' lang='lat' dir='ltr'>nce</span> <span class='ocrx_word' id='word_1_349' title='bbox 393 4049 423 4102; x_wconf 90' lang='lat' dir='ltr'>id</span> <span class='ocrx_word' id='word_1_350' title='bbox 443 4053 541 4120; x_wconf 79' lang='lat' dir='ltr'>exequi</span> <span class='ocrx_word' id='word_1_351' title='bbox 566 4052 684 4104; x_wconf 80' lang='lat' dir='ltr'>valeant</span> <span class='ocrx_word' id='word_1_352' title='bbox 722 4051 806 4120; x_wconf 84' lang='lat' dir='ltr'>grstia</span> <span class='ocrx_word' id='word_1_353' title='bbox 825 4051 896 4102; x_wconf 87' lang='lat' dir='ltr'>enim</span> <span class='ocrx_word' id='word_1_354' title='bbox 909 4049 1012 4101; x_wconf 73' lang='lat' dir='ltr'>Christi</span> <span class='ocrx_word' id='word_1_355' title='bbox 1034 4051 1125 4118; x_wconf 86' lang='lat' dir='ltr'>piures</span> 
     </span>
     <span class='ocr_line' id='line_1_40' title="bbox 48 4109 1125 4189; baseline 0.012 -33"><span class='ocrx_word' id='word_1_356' title='bbox 48 4109 95 4162; x_wconf 83' lang='lat' dir='ltr'>iiiia</span> <span class='ocrx_word' id='word_1_357' title='bbox 114 4120 229 4170; x_wconf 67' lang='lat' dir='ltr'>sumusJ&#39;</span> <span class='ocrx_word' id='word_1_358' title='bbox 265 4119 416 4172; x_wconf 77' lang='lat' dir='ltr'>introrsus</span> <span class='ocrx_word' id='word_1_359' title='bbox 442 4135 501 4172; x_wconf 86' lang='lat' dir='ltr'>cum</span> <span class='ocrx_word' id='word_1_360' title='bbox 521 4123 638 4174; x_wconf 81' lang='lat' dir='ltr'>clamore</span> <span class='ocrx_word' id='word_1_361' title='bbox 658 4122 830 4174; x_wconf 82' lang='lat' dir='ltr'>firmaverunt</span> <span class='ocrx_word' id='word_1_362' title='bbox 855 4120 890 4172; x_wconf 89' lang='lat' dir='ltr'>ad</span> <span class='ocrx_word' id='word_1_363' title='bbox 908 4130 1019 4171; x_wconf 87' lang='lat' dir='ltr'>mortem</span> <span class='ocrx_word' id='word_1_364' title='bbox 1040 4135 1125 4189; x_wconf 85' lang='lat' dir='ltr'>usque</span> 
     </span>
     <span class='ocr_line' id='line_1_41' title="bbox 47 4179 1124 4262; baseline 0.006 -29"><span class='ocrx_word' id='word_1_365' title='bbox 47 4179 183 4240; x_wconf 80' lang='lat' dir='ltr'>obstituros</span> <span class='ocrx_word' id='word_1_366' title='bbox 203 4196 233 4241; x_wconf 90' lang='lat' dir='ltr'>et</span> <span class='ocrx_word' id='word_1_367' title='bbox 251 4208 301 4259; x_wconf 90' lang='lat' dir='ltr'>pro</span> <span class='ocrx_word' id='word_1_368' title='bbox 320 4193 433 4242; x_wconf 84' lang='lat' dir='ltr'>ecclesia</span> <span class='ocrx_word' id='word_1_369' title='bbox 453 4192 635 4255; x_wconf 87' lang='lat' dir='ltr'>dimicaturos,</span> <span class='ocrx_word' id='word_1_370' title='bbox 659 4193 846 4262; x_wconf 80' lang='lat' dir='ltr'>appositisque</span> <span class='ocrx_word' id='word_1_371' title='bbox 866 4192 988 4242; x_wconf 84' lang='lat' dir='ltr'>crucibus</span> <span class='ocrx_word' id='word_1_372' title='bbox 1007 4190 1041 4241; x_wconf 89' lang='lat' dir='ltr'>ad</span> <span class='ocrx_word' id='word_1_373' title='bbox 1059 4188 1124 4240; x_wconf 87' lang='lat' dir='ltr'>sub·</span> 
     </span>
     <span class='ocr_line' id='line_1_42' title="bbox 48 4254 1124 4333; baseline 0.003 -26"><span class='ocrx_word' id='word_1_374' title='bbox 48 4254 198 4324; x_wconf 72' lang='lat' dir='ltr'>scriptiones</span> <span class='ocrx_word' id='word_1_375' title='bbox 217 4262 322 4330; x_wconf 81' lang='lat' dir='ltr'>scriptis</span> <span class='ocrx_word' id='word_1_376' title='bbox 345 4261 398 4314; x_wconf 89' lang='lat' dir='ltr'>sibi</span> <span class='ocrx_word' id='word_1_377' title='bbox 415 4271 509 4316; x_wconf 88' lang='lat' dir='ltr'>mutuo</span> <span class='ocrx_word' id='word_1_378' title='bbox 527 4263 608 4316; x_wconf 84' lang='lat' dir='ltr'>fidem</span> <span class='ocrx_word' id='word_1_379' title='bbox 627 4265 734 4328; x_wconf 83' lang='lat' dir='ltr'>iecere,</span> <span class='ocrx_word' id='word_1_380' title='bbox 753 4279 891 4333; x_wconf 80' lang='lat' dir='ltr'>uunquam</span> <span class='ocrx_word' id='word_1_381' title='bbox 910 4261 944 4313; x_wconf 85' lang='lat' dir='ltr'>ab</span> <span class='ocrx_word' id='word_1_382' title='bbox 963 4263 1075 4316; x_wconf 85' lang='lat' dir='ltr'>invicem</span> <span class='ocrx_word' id='word_1_383' title='bbox 1095 4276 1124 4310; x_wconf 86' lang='grc' dir='ltr'><em>το</em></span> 
     </span>
    </p>
   </div>
   <div class='ocr_carea' id='block_1_5' title="bbox 0 0 1412 4898">
    <p class='ocr_par' dir='ltr' id='par_1_5' title="bbox 0 0 1412 4898">
     <span class='ocr_line' id='line_1_43' title="bbox 0 0 1412 4898; baseline 0 1"><span class='ocrx_word' id='word_1_384' title='bbox 0 0 1412 4898; x_wconf 95' lang='lat' dir='ltr'> </span> 
     </span>
    </p>
   </div>
  </div>
 </body>
</html>
