2838 4902
216 347 270 408 ns
287 341 592 408 snassliorvrcs
611 342 639 406 a
656 343 815 408 saurais
836 342 980 410 clari.
1063 333 1137 424 449

60 498 125 558 θεῖν
145 493 217 578 (οὐκ
239 487 300 558 οἶδ’
320 485 409 578 ὅθεν)
431 489 488 575 τήν
501 495 534 566 ἐς
554 495 655 556 νέωτα
679 495 751 556 καθ’
771 487 854 574 ἡμᾶς
872 491 1012 579 βλάβην·
1053 500 1141 578 λέγε.

60 617 108 658 ται
127 596 156 657 δ’
176 587 225 656 ότι
247 595 282 656 ἐκ
301 593 471 676 προδοσίας
493 589 596 664 τινός·
625 590 683 654 ov’x
705 584 777 654 οῖδα
796 595 857 672 μὲν
877 595 1017 674 α’κριβοῖς
1035 597 1065 658 εί
1089 597 1145 658 καί

61 686 170 776 όλλης,
204 695 331 775 ε’θνικῆς
361 686 646 771 discindimus.
697 692 751 754 καί
770 689 786 752 o‘
807 695 865 771 μὲν
885 689 984 756 einais
1006 699 1145 768 Λατῖνος
1197 717 1199 722 ·

61 791 101 865 οῖς
120 793 154 854 ἐκ
183 795 240 855 τοῦ
267 790 348 854 κατοὶ
380 789 454 864 τούς
473 792 680 872 βουργεσίους
705 779 978 874 πόργουβὲλημα
995 793 1145 877 ἐπέμφθη

40 897 122 964 5τοῖς
141 885 202 968 ἔξω
237 888 315 954 κατὰ
346 891 410 954 τοῖν
431 892 487 972 τῆς
508 887 627 964 πόλεως
661 891 716 954 καί
737 887 948 973 καταμηνυμα
968 892 1032 956 τῶν
1050 891 1145 976 ἐντός,

61 991 116 1050 ode
143 983 183 1054 όν
211 989 370 1054 α’πιστοῖτο
399 994 475 1072 ἡμῖν
504 989 760 1074 τεκμαιρομένοις
794 991 827 1066 ἐξ
854 980 899 1052 οἷν
924 990 1145 1074 ἤκριβώμιθα·
1176 1035 1178 1044 1

60 1090 193 1152 τοιοῦτοι
212 1087 272 1171 γάρ
293 1111 374 1162 τινες
394 1086 635 1174 πυργοφύλακες
654 1089 850 1172 ἐπίτριπτοι,
868 1093 989 1153 νεανίαι
1010 1091 1149 1175 α’δελφοί

61 1187 93 1248 ἐκ
112 1190 326 1268 Χονναβιτοῖν,
349 1185 474 1270 ἔχιδναι
495 1185 641 1272 γεννηταί
661 1190 699 1274 τῇ
719 1189 809 1251 πόλει
836 1188 934 1275 ταότη
956 1193 1023 1252 κατ’
1044 1189 1146 1271 aderio

61 1284 190 1372 τῆστῆς
213 1287 361 1363 ἁλώσεως
383 1283 470 1370 οῗραν
490 1286 662 1372 κατήσθιον
683 1286 791 1372 αὐτην,
812 1288 867 1352 καί
887 1289 979 1352 edroi
997 1292 1072 1373 ξίφη
1093 1314 1148 1370 γυ.

27 1387 239 1464 ιομνοόσαντες
265 1383 322 1450 καί
357 1387 599 1469 κατατρέχοντες
633 1380 691 1459 τός
721 1382 889 1471 α’μφόδους
919 1386 1052 1470 γνωστοὶ
1085 1395 1149 1462 τοῖς

62 1489 231 1569 βλέπουσι,
264 1485 369 1550 πίστιν
399 1481 482 1550 οὕτω
504 1486 641 1558 διδόντες
668 1487 724 1549 καί
743 1484 851 1572 πρῴην
872 1484 1035 1568 ἐπίβουλοι
1057 1482 1149 1551 εἶναι.

63 1587 116 1648 καί
135 1584 194 1648 urin
216 1582 284 1650 ἔσθ’
307 1579 391 1661 ὅπως
415 1587 455 1647 ου’
473 1585 694 1666 μετελεύσεται
713 1579 733 1667 ἦ
759 1583 830 1668 δίκη
855 1585 985 1660 αότοός.
1104 1589 1106 1603 “

145 1687 218 1748 Καί
237 1682 253 1746 o‘
272 1687 331 1763 μὲν
350 1688 490 1760 τοιοῦτος
503 1690 645 1757 Λατῖνος
660 1674 723 1747 aide
738 1692 957 1766 συγκροτεῖται
976 1681 1055 1768 πρός
1076 1686 1154 1769 dll-

62 1785 163 1867 θειαν,
187 1782 242 1847 καί
261 1777 363 1858 ἄλλοις
385 1783 446 1866 οόχ
476 1777 543 1858 οἶός
562 1805 595 1846 τε
624 1776 670 1846 σόν
698 1785 905 1866 φείσασθαι·
948 1782 1023 1849 ὅδὲ
1043 1784 1155 1867 Ἀβρό-

28 1881 152 1958 15διμος
167 1883 336 1966 Maeonii,
358 1880 436 1964 οἰνηρ
458 1879 582 1962 ι’χθόοιν
603 1883 698 1964 τιμῆς
717 1880 898 1966 μελόμενος,
921 1884 978 1948 νόν
990 1886 1049 1964 μὲν
1067 1886 1156 1964 ω’μο-

62 1982 187 2065 γέρων,
217 1983 315 2046 πόλοι
337 1984 373 2051 δέ
393 2005 466 2046 ποτε
495 1979 724 2068 περιφόόμενος
755 1985 854 2064 μέγας
882 1976 1039 2064 εἶναιτὴν
1059 1993 1154 2066 χεῖρα

63 2083 116 2142 καί
136 2078 272 2164 βριαρός
295 2077 395 2164 aderio
415 2088 604 2162 κατενεγκεῖν
625 2083 688 2145 τοῖν
716 2074 966 2165 ἀνθισταμένων,
988 2072 1026 2146 οἷν
1045 2081 1101 2147 καί
1119 2083 1154 2146 τό

63 2179 144 2244 κατὰ
169 2183 263 2259 σῶμα
296 2181 445 2252 εῖσταλὲς
477 2177 526 2243 ἔτι
559 2187 729 2263 κατηγορεῖ
753 2177 810 2263 την
834 2177 945 2263 ῥώμην
974 2177 1014 2264 ἢν
1034 2183 1162 2263 λέγεταί

68 2301 141 2342 ποτε
163 2283 308 2342 πλουτεῖν
332 2278 349 2340 ό
377 2271 568 2363 ἅνθρωπος,
597 2277 689 2352 αὐτὸς
723 2275 761 2362 δη
795 2280 980 2362 ε’φανέροισε
1002 2279 1159 2364 πρόδοτον

26 2391 59 2443 20
68 2371 149 2440 εἶναι
178 2374 237 2460 την
269 2381 435 2460 πανταχοῦ
469 2383 526 2460 γῆς
560 2376 774 2462 περιφόρητον
807 2381 852 2464 τῷ
883 2381 965 2442 κλίει
997 2379 1159 2444 Θεσσαλο-

67 2472 164 2559 νίκην.
220 2468 308 2540 udum
340 2477 402 2558 γὰρ
425 2473 600 2562 οἷκραιφνὴς
631 2477 734 2558 ἡμέρα
765 2475 785 2559 ἦ
821 2475 901 2540 κατὰ
932 2477 991 2561 τὴν
1022 2473 1160 2565 όλοιυιν,

67 2577 137 2638 αλλ’
164 2573 212 2640 ἔτι
240 2575 297 2654 νὺξ
324 2575 505 2660 α’μφιλόκη,
537 2579 611 2640 καθ’
641 2573 681 2658 ἢν
717 2573 765 2639 ἔτι
797 2577 851 2639 καί
878 2573 913 2639 τὸ
945 2572 1023 2663 ἑῷον
1055 2585 1161 2662 τεῖχος

66 2673 267 2757 ἀπρόσβατοι
298 2679 427 2758 ἐχθροῖς
458 2669 505 2760 η’ν,
537 2678 593 2740 καί
622 2671 716 2750 αὐτὸς
742 2677 801 2740 τοῦ
829 2670 930 2749 ὕπνου
960 2676 1085 2750 daedale
1105 2682 1162 2742 καί

67 2949 176 3014 cognita
197 2951 316 3020 pernicie
333 2951 413 3002 nobis
426 2952 596 3023 propinqua:
612 2967 693 3022 quam
704 2948 831 3022 equidem
844 2949 946 3015 nescio,
965 2947 1038 3002 unde
1058 2965 1159 3022 cogno-

66 3021 176 3082 verint,
196 3020 244 3072 sed
261 3021 357 3074 dicunt
374 3024 557 3092 proditionem
575 3023 671 3075 factam
698 3039 766 3086 esse,
785 3039 841 3074 non
860 3024 945 3073 ausim
966 3021 1106 3086 affirmare,
1126 3038 1161 3074 an

66 3089 99 3138 ab
118 3091 176 3142 alio
198 3108 315 3162 quoque,
334 3093 380 3144 sed
399 3102 470 3145 certe
488 3094 598 3163 quidem
618 3095 652 3144 ab
670 3093 781 3146 homine
798 3094 948 3162 peregrino.
984 3109 1046 3142 nam
1064 3094 1161 3144 Latino

66 3161 191 3224 cuidam,
211 3164 259 3231 qni
288 3167 406 3215 excurri
425 3165 557 3233 burgeaiis
583 3167 707 3236 opposita
734 3163 845 3216 consilia
866 3163 992 3213 adversus
1011 3163 1114 3214 incolas
1133 3171 1162 3214 et

65 3230 170 3281 indicia
198 3249 285 3284 rerum
313 3236 472 3286 urbanarum
499 3233 687 3289 obsidentibus
713 3235 792 3288 missa
818 3250 876 3285 ease
894 3231 1053 3295 affirmavit,
1079 3233 1161 3284 fidem

65 3303 198 3370 equidem
218 3303 291 3354 haud
311 3305 502 3372 derogaverim,
522 3307 673 3372 rationibus
694 3305 842 3366 adductus,
861 3303 960 3373 quibus
978 3317 1019 3354 res
1044 3303 1162 3354 manife-

64 3380 105 3421 sta
127 3375 167 3424 fit.
187 3377 287 3425 etenim
306 3379 406 3428 versuti
432 3377 543 3447 quidam
561 3377 643 3429 turris
670 3375 809 3437 custodes,
829 3375 924 3425 fratres
943 3373 1162 3424 adolescentese

64 3442 259 3504 Chonnabitis,
276 3447 384 3514 viperae
402 3449 548 3516 pestiferae
570 3448 644 3498 urbis
663 3447 755 3509 huius,
772 3448 843 3497 inter
868 3446 954 3514 ipsam
981 3445 1163 3513 expugnatio-

63 3530 126 3564 nem
158 3513 326 3584 diripiebant
345 3533 419 3580 eam,
446 3521 544 3570 strictis
565 3517 658 3586 gladiis
678 3534 727 3587 per
745 3519 817 3569 vicos
847 3516 1034 3578 discurrentes,
1053 3529 1084 3564 ac
1102 3511 1163 3566 uoti

64 3584 212 3649 omnibus,
238 3588 284 3656 qui
313 3605 358 3638 eos
381 3587 522 3651 viderent,
547 3589 626 3639 fidem
653 3589 691 3639 ita
718 3587 856 3639 iaciebant
882 3585 982 3637 fraudis
1011 3585 1063 3635 ism
1089 3586 1163 3656 prius
1259 3627 1260 3632 ,

63 3663 207 3728 structae
232 3673 283 3707 nec
297 3658 355 3709 iore
372 3675 462 3727 spero,
483 3661 551 3729 quin
568 3675 659 3728 poena
680 3659 742 3710 illos
764 3665 953 3728 consequatur.

138 3727 193 3776 llle
211 3727 294 3794 igitur
311 3729 422 3782 Latinus
443 3737 470 3782 et
490 3731 673 3782 testimonium
694 3729 745 3779 boc
769 3729 890 3782 veritatis
908 3727 999 3786 habet,
1017 3742 1068 3776 nec
1085 3724 1164 3776 vide-

64 3796 241 3848 turomnino
271 3799 388 3850 mendax
412 3802 502 3852 luisse.
547 3802 659 3853 Manuel
679 3799 828 3851 Abudimus
856 3805 956 3859 autem,
976 3797 1016 3848 vir
1033 3797 1163 3866 piscariae

62 3868 240 3982 praefectus,
265 3885 337 3920 nnnc
363 3871 473 3941 quidem
491 3871 583 3923 viridia
615 3888 706 3932 senex,
726 3863 791 3922 olim
809 3869 969 3930 celebratus,
990 3865 1063 3936 quod
1083 3883 1163 3916 manu

75 3939 144 3988 ortis
167 3947 240 3990 esset
260 3949 288 3991 et
305 3943 418 4008 graviter
431 3942 583 4010 profligaret
601 3941 776 4004 adversarios,
797 3942 874 3991 cuius
893 3941 1047 3994 etiamnunc
1067 3953 1164 4006 corpus

62 4016 195 4074 vegetum
210 4011 287 4078 quasi
300 4013 483 4064 testimonium
501 4014 605 4066 roboris
619 4019 667 4075 est,
682 4029 736 4082 quo
750 4010 887 4082 quondam
900 4009 1050 4060 abundasse
1070 4007 1164 4068 fertur,

64 4075 168 4130 diserte
185 4079 339 4142 declaravit,
356 4085 490 4151 proditam
510 4099 568 4134 essa
587 4083 680 4134 urbem
697 4099 744 4150 per
759 4089 845 4133 totum
862 4079 954 4132 orbem
971 4088 1098 4130 terrarum
1112 4095 1163 4128 no-

63 4147 151 4199 bilem
172 4150 403 4204 Thessalonicam.
449 4153 568 4205 nondum
587 4156 656 4204 eninr
677 4154 759 4222 plane
786 4151 913 4202 illuxerat
936 4147 1003 4211 dies,
1024 4164 1077 4217 quo
1102 4145 1164 4196 urbs

63 4227 146 4287 capta
170 4229 228 4284 est,
247 4221 294 4272 sed
315 4231 373 4274 erat
391 4223 479 4276 adhuc
506 4224 664 4287 diluculum,
682 4241 732 4276 nec
751 4223 814 4274 dum
832 4223 861 4274 in
881 4237 986 4273 murum
1008 4217 1165 4271 orientalem

124 4316 186 4369 leo
209 4319 416 4372 Grammaticus.
468 4337 502 4390 ιω
940 4315 974 4366 29
