2838 4902
272 305 346 385 dte
693 319 945 386 uusrmrrms

272 493 331 556 ρην
352 472 458 559 ἐκείνην
493 473 706 556 διεφυλάξατο
738 470 796 556 την
813 470 983 555 στρατιάν,
1012 471 1055 546 uic
1078 473 1207 557 ’μηδένα
1235 475 1346 554 γούνίξ

272 572 378 635 astruo
396 573 570 635 αόολέοθαι
593 570 629 634 τιν’
650 595 684 651 γε
705 575 750 648 εἰς
771 570 868 635 αύτύν
888 564 969 656 ἧκον,
986 573 1016 636 εἰ
1033 575 1090 635 καί
1101 576 1297 653 στρατιῶταί
1310 599 1346 638 τι.

269 693 330 754 νες,
350 672 410 752 ούχ
433 666 545 754 η”κιστο
569 672 604 734 δὲ
624 668 661 734 τά
681 673 735 754 τῆς
760 671 990 756 Θεσσαλονίκης
1010 674 1111 755 τέκνα,
1132 669 1163 734 οἱ
1186 669 1266 751 μετά
1286 671 1346 746 τούς

269 768 415 856 φυγάδας
434 769 630 852 περιλοιποι,
663 770 949 846 άπολεοντοιθέντες
971 763 1035 836 οἷον
1056 773 1100 859 τῷ
1120 766 1201 854 ύπὲρ
1225 776 1279 854 τῆς
1296 798 1347 836 πο·

267 869 488 958 τρίδοςθυμρλ,
511 867 598 933 δεινά
619 871 744 934 ἐποίουν
765 868 920 954 ὁσημέραι
943 871 1024 935 κατὰ
1045 874 1109 935 τοῖν
1131 877 1294 957 πολεμάυν,
1313 870 1365 945 cist

268 965 327 1032 orire
346 961 386 1031 άν
409 993 455 1045 τις
477 971 623 1054 ἐλπίσειε,
645 971 938 1054 δραστηριούμενοι.

350 1066 423 1134 Καί
443 1062 526 1132 εἶδεν
554 1065 594 1134 άν,
612 1092 658 1144 τις
684 1069 822 1134 ἐνταῦθα
844 1075 997 1153 πονηρίαν
1021 1068 1137 1155 άνδρύς
1159 1069 1284 1156 φαύλου
1303 1075 1349 1134 κοί

268 1173 456 1254 σοφιστείαν
486 1166 612 1251 βύθιον.
662 1171 975 1253 παρακλητευδμενος
1002 1171 1064 1254 γάρ
1097 1172 1283 1254 ἀνοίγεσθαι
1300 1169 1350 1244 τάς

268 1271 432 1345 πολιτικάς
452 1268 555 1345 πύλας
575 1268 628 1336 ε’πί
647 1272 772 1355 πολέμφ
793 1268 847 1332 καί
857 1268 901 1353 μή
924 1269 1103 1351 ὑπακούων,
1126 1263 1196 1334 εἶτα
1218 1273 1274 1334 καί
1289 1293 1349 1333 τινα

266 1365 468 1455 σφοδρύτερα
489 1370 663 1451 μανθάνων
682 1373 737 1434 καί
756 1368 883 1447 ὃαύτός
905 1363 1001 1446 αὖθις
1013 1372 1129 1454 μένων,
1153 1371 1210 1434 καί
1233 1370 1349 1450 άνακρι-
1358 1379 1381 1430 tt

265 1467 394 1549 νόμενος
415 1470 466 1554 ἐφ’
487 1459 512 1557 ᾧ
528 1472 592 1534 τῶν
612 1471 769 1551 πολεμίων
787 1465 869 1534 οὕτω
889 1471 1044 1556 φείδεται,
1066 1472 1177 1553 πρῶτα
1197 1473 1258 1548 μὲν
1277 1491 1349 1546 προ-

264 1570 417 1651 βάλλεται
437 1568 598 1650 βασιλεεον
619 1578 726 1655 τηρεῖν
748 1574 915 1654 κε’λεοσρια,
935 1577 1212 1654 καστροφνλακεῖν
1233 1566 1350 1632 ἐπιτάσ-

265 1690 322 1734 σον
344 1667 441 1754 αύτῷ.
489 1668 664 1749 μανθάνων
687 1672 722 1735 δὲ
757 1669 802 1745 ὥς
827 1668 866 1732 ού
899 1665 990 1735 τοῦτο’
1021 1672 1087 1734 ε’στι
1112 1663 1351 1754 καστροφύλαια

265 1759 351 1832 εἶναί
366 1789 445 1851 τινα,
466 1765 501 1832 τὸ
523 1765 586 1832 ἔσω
607 1773 734 1852 τείχους
756 1766 983 1852 ἐγκεκλεῖσθαι,
1008 1768 1088 1833 άλλά
1111 1764 1147 1833 τὸ
1161 1767 1268 1832 πάντα
1288 1789 1352 1830 ποι-

265 1875 313 1930 εῖν
337 1869 379 1930 δι’
402 1858 446 1932 uir
477 1859 516 1931 άν
548 1866 625 1944 τούς
653 1867 793 1952 ἐχθρούς
822 1867 957 1951 βλάψειε
979 1868 1035 1932 καί
1061 1869 1094 1932 τὸ
1119 1867 1255 1950 κάστρον
1275 1857 1382 1930 vituts

265 1964 443 2053 φυλάξειεν,
465 1970 496 2034 εἰ
517 1970 561 2053 μή
575 1992 624 2046 τις
646 1975 756 2053 καλοίη
777 1972 833 2034 καί
847 1966 931 2033 οἴκου
951 1960 1130 2052 η”άμπέλου
1152 1960 1172 2054 ἢ
1194 1968 1276 2044 νεώς
1296 1963 1353 2054 φύ-
1417 2036 1418 2057 ,

264 2072 346 2130 λακα
368 2065 422 2133 τὸν
447 2065 510 2133 ἔσω
533 2071 801 2154 ἐγκορδυληθὲντα
824 2071 879 2134 κατ’
906 2071 1090 2152 οἰκουρικῶς
1122 2066 1310 2153 καθήμενον,
1329 2063 1357 2128 εἴ
1417 2136 1418 2139 ,

263 2167 297 2230 τί
312 2190 372 2230 που
404 2172 440 2233 δὲ
473 2166 591 2248 ἔξωθεν
611 2169 795 2256 ἐπίβουλον,
824 2171 890 2234 αλλ’
920 2171 1018 2233 ε’κεινο
1052 2167 1188 2254 άφιέντα
1213 2159 1252 2232 εδ
1276 2164 1355 2249 ἔχειν
1416 2207 1417 2226 r

266 2253 326 2342 ἓίος
347 2270 402 2331 καί
421 2267 507 2344 ἐντύς
540 2268 789 2354 παρεισδύσετοι
817 2269 970 2354 ὀλέθριον,
993 2309 1034 2320 --
1056 2268 1072 2334 ὁ
1096 2272 1131 2334 δὲ
1155 2271 1355 2350 διναιολογεῖ·
1416 2299 1417 2304 1

265 2371 345 2432 σθαι
373 2373 429 2432 τού
460 2373 573 2432 λοιποῦ
608 2369 703 2454 α’φείς
732 2371 894 2455 διέβαλλε,
931 2373 1030 2452 λέγων
1064 2357 1203 2433 δεδιὲναι
1229 2365 1275 2448 μη
1307 2362 1385 2434 τόννῖ

264 2465 362 2552 πηλὸν
385 2469 558 2554 α’φεθέντες
584 2471 665 2543 τινὲς
684 2473 851 2553 προελθεῖν
866 2470 1157 2551 ε’κιτετασθησοντοι
1178 2468 1224 2540 εἰς
1240 2465 1276 2531 τύ
1298 2489 1355 2550 φυ-
1416 2467 1417 2504 ί

264 2575 339 2652 γεῖν,
359 2571 415 2632 καί
433 2564 534 2645 οὕτως
562 2571 617 2636 ε’πί
637 2571 729 2634 πλέον
751 2567 963 2656 λειπανδρήοῃ
993 2566 1034 2632 τά
1057 2571 1113 2651 τῆς
1133 2564 1265 2642 πόλεως.
1307 2565 1356 2628 καί
1416 2635 1417 2644 ,

264 2668 491 2750 ἐδυσχέραινον
510 2671 570 2750 μὲν
590 2667 619 2734 οἱ
639 2669 757 2750 α’γαθοί
777 2673 949 2754 στρατηγοί
968 2668 1132 2741 άκούοντες
1149 2664 1313 2730 τοῦτοκαὶ
1330 2659 1355 2726 οἱ
1416 2657 1417 2676 ³

264 2771 469 2850 στρατιῶται,
500 2765 614 2854 ἔφερον
646 2772 676 2834 δ’
697 2765 836 2851 ύμωςεί
854 2767 978 2850 σάματι
1000 2767 1118 2842 πόλεως
1140 2770 1228 2854 κολρῖ
1253 2763 1355 2852 φαύλη
1416 2779 1417 2834 ἴ

264 2984 376 3050 buisset,
394 2986 465 3038 inter
485 2989 583 3041 amicos
603 3005 665 3040 eum
694 2996 881 3041 numeraturus
900 2988 1014 3051 fuisset,
1034 2985 1165 3059 siquidem
1185 2985 1235 3036 ille
1255 2983 1355 3036 exerci-

263 3065 321 3108 tum
342 3059 399 3108 eius
417 3067 545 3129 tauquam
558 3061 687 3130 pupulam
705 3061 838 3124 servabat,
856 3067 888 3111 ut
907 3077 985 3111 nemo
1003 3060 1121 3110 bostium
1138 3057 1248 3126 periret,
1271 3072 1357 3126 qusn-
1379 3084 1382 3088 ·

263 3136 321 3178 turn
341 3127 450 3199 quidem
470 3132 499 3181 iu
530 3132 588 3199 ipso
611 3140 689 3183 esset.
716 3148 832 3202 namque
851 3130 951 3182 milites
975 3129 1092 3200 quidam,
1111 3131 1224 3180 iuvenes
1242 3125 1355 3178 Thessa-

264 3199 415 3252 lonicenses
433 3203 564 3264 maxime,
583 3204 631 3273 qui
651 3211 711 3271 post
728 3203 859 3272 profugos
882 3202 945 3254 illos
966 3203 1063 3270 reliqui
1083 3208 1167 3260 eraut,
1186 3197 1287 3248 animis
1311 3212 1355 3265 pro

264 3271 351 3324 salute
370 3273 474 3340 patriae
490 3274 596 3325 leonem
615 3276 699 3326 instar
717 3275 856 3336 animosis,
877 3275 990 3340 graviter
1004 3270 1126 3344 quotidie
1144 3270 1237 3322 hostes
1256 3269 1357 3336 afflige·

264 3341 339 3403 baut,
359 3342 458 3395 audere
479 3345 574 3413 parati,
594 3341 667 3415 quod
684 3361 765 3397 nemo
784 3342 938 3396 crediderit.

331 3415 421 3483 Atque
449 3423 505 3466 erat
533 3425 588 3467 tum
617 3416 707 3468 videre
726 3418 857 3485 ignaviam
884 3424 913 3467 et
939 3415 1075 3466 occurram
1097 3413 1223 3464 astutiam
1241 3408 1356 3462 hominis

264 3499 389 3554 nequam.
410 3485 538 3537 invitatus
559 3488 639 3549 euim,
660 3497 690 3538 ut
708 3496 798 3556 portas
823 3486 939 3538 urbanas
956 3484 1032 3538 bello
1052 3485 1178 3556 aperiret,
1197 3499 1247 3532 uec
1269 3491 1356 3532 tamen

265 3553 407 3619 obediens,
425 3555 524 3608 deiude
544 3559 624 3608 etiam
646 3559 768 3626 graviora
787 3558 918 3628 quaedam
940 3565 1085 3627 expertus,
1114 3554 1163 3606 sed
1189 3569 1280 3604 rursus
1299 3553 1355 3602 ioco

264 3643 313 3677 suo
334 3643 460 3691 manens,
485 3637 646 3699 rogatusque
664 3637 816 3699 postremo,
836 3645 918 3699 quare
950 3630 987 3679 ita
1005 3634 1127 3696 parceret
1146 3625 1280 3686 hostibus,
1305 3622 1356 3690 pri·

264 3713 337 3748 mum
357 3698 466 3768 quidem
493 3699 648 3751 mandatum
675 3701 844 3768 imperatoris
865 3700 1006 3751 observare
1032 3715 1061 3749 se
1082 3697 1174 3765 fingit,
1195 3712 1247 3765 quo
1273 3701 1356 3744 castra

265 3768 401 3820 custodire
427 3770 568 3837 iubeatur3
597 3789 659 3824 mox
685 3781 784 3834 eutem,
802 3787 886 3842 quum
908 3770 1045 3830 edocetur,
1063 3785 1118 3820 nou
1138 3783 1197 3818 esse
1217 3765 1297 3816 iilum
1316 3778 1357 3812 cs·

265 3847 378 3890 strorum
397 3841 551 3903 custodem,
570 3843 616 3912 qui
644 3844 714 3894 intra
736 3859 824 3893 muros
854 3859 882 3893 se
903 3841 1050 3902 contineat,
1072 3837 1120 3889 sed
1138 3839 1185 3907 qui
1206 3836 1298 3886 ornuia
1320 3834 1356 3884 ta-

265 3910 334 3974 ciut,
354 3911 453 3979 quibus
484 3911 572 3964 hostis
595 3915 674 3980 affligi
705 3915 806 3982 possit,
834 3913 918 3963 etita
950 3921 1033 3962 eostre
1059 3918 1187 3970 tueatur,
1215 3907 1267 3958 nisi
1288 3906 1356 3956 sorte

264 3981 325 4048 quis
336 3983 445 4033 tedium
463 3985 586 4035 nutritis
608 3995 654 4036 aut
671 3987 744 4036 naris
763 3982 901 4035 custodem
917 3983 1104 4042 nominaverit,
1126 3981 1175 4049 qui
1193 3980 1265 4029 intus
1280 3978 1357 4026 invo-

265 4050 338 4101 lutus
353 4061 380 4104 et
393 4055 481 4120 segnis
494 4053 623 4120 desideat,
643 4064 724 4126 utque
737 4054 760 4106 si
778 4053 844 4125 quid
863 4055 928 4105 foris
945 4053 1104 4105 insidiarum
1122 4051 1268 4109 immineat,
1289 4042 1357 4098 iilud

263 4121 391 4189 negligat,
412 4125 498 4176 donec
509 4125 638 4195 irruperit
656 4128 788 4194 pernicies
802 4154 834 4166 -
847 4134 903 4176 tum
923 4141 985 4176 vero
1004 4123 1050 4174 ille
1074 4122 1214 4192 disputare
1230 4121 1282 4168 ism
1303 4115 1356 4166 dis·

264 4191 345 4258 tulit,
364 4203 446 4264 atque
467 4199 562 4249 timere
592 4215 621 4250 se
639 4199 689 4261 ait,
723 4213 772 4262 ns,
802 4199 824 4249 si
844 4197 946 4250 faecem
966 4194 1083 4251 civitatis
1107 4191 1232 4248 adsersus
1250 4187 1354 4242 hostem
