2838 4902
175 278 180 288 ’
212 311 268 376 ns
285 307 591 375 rumslnourcn
613 307 640 373 a
659 309 818 374 murus
836 298 982 374 utens.
1071 299 1143 368 οτι

66 489 115 541 νας
136 464 171 528 δὲ
190 465 342 546 μέγιστα,
363 452 410 535 οἷς
431 454 716 544 περιποιησάμενύς
740 483 771 523 τι
790 457 1001 543 χρηματιύίου
1021 451 1148 529 τούτοις

65 561 225 649 ἢὲκιίνοις
255 565 343 635 τέλος
373 559 528 641 ἑζημίωκσ
554 555 628 634 τούς
657 554 801 632 ἅπαντας
828 559 888 637 μὲν
917 559 964 630 είς
981 553 1086 619 πάντα
1106 552 1146 618 τὰ

66 659 164 738 αύτοῖς
192 651 287 742 ὄντα,
308 660 445 741 μυρίους
472 660 508 722 dri
528 660 583 722 καί
603 660 649 732 τίς
670 659 763 742 ζωήν.
818 658 873 720 καί
892 655 936 740 μή
956 677 1005 731 τις
1026 652 1148 739 ύποφτ-

64 767 137 846 ρέτω
155 761 212 826 νύν
232 759 427 842 α’ναφρονιῖν
447 779 487 837 με
517 759 574 821 καί
601 756 722 844 ύστὲριρ
744 753 850 844 χρόνῳ
879 756 1074 838 ίπιμηθικτὸς
1095 753 1148 816 αι’.

45 863 196 926 οσθὲσθαι
220 852 286 932 οἷος
308 854 443 922 ὄΔαυίδ
462 850 574 942 ἆπίβη,
597 853 860 939 τ’πτιδύνύηλαδῆ
874 851 1048 938 ἐδικαιώθη
1067 875 1150 934 πεμ-

66 963 183 1046 φθῆναι
212 960 255 1046 τῷ
275 957 393 1042 Σικελῷ
423 952 484 1020 σύν
505 979 541 1038 γε
570 957 615 1042 τῷ
640 953 854 1041 Massageten
885 953 1076 1037 πρωτὸλοιον
1095 953 1152 1017 καί

64 1057 223 1143 ricsinda
246 1059 404 1148 αἰιοολείας
423 1057 627 1137 ἀκροθίνιον·
679 1051 715 1118 du
735 1047 1040 1140 eiqsrlov‘'Apuusar
1061 1045 1151 1135 φθύ-

65 1182 157 1224 σασαι
179 1151 263 1220 ούτω
285 1180 351 1230 πως
373 1157 549 1220 διαθέσθαι
568 1159 643 1238 πρίν
665 1149 688 1238 ἢ
708 1156 763 1217 καί
782 1156 969 1230 ἐξαπολέσαι
989 1151 1084 1237 ἡμᾶς.
1111 1147 1149 1216 ού

65 1256 120 1340 γύρ
143 1251 216 1342 ύρτι
236 1260 270 1332 ἐς
290 1258 366 1318 νοῦν
388 1253 448 1336 ἐγώ
461 1249 643 1340 ’ἐστρύφηα
666 1251 747 1317 cilici
768 1250 822 1318 τὸν
846 1246 918 1316 ὅλον
938 1256 993 1335 τῆς
1018 1254 1071 1316 ἐπί
1090 1273 1149 1315 πο..

35 1361 142 1443 ιθλίμφ
164 1355 355 1439 στρατηγίας
386 1353 488 1418 αύτού
508 1353 622 1436 χρόνον
643 1353 727 1437 ἡμᾶς
753 1356 813 1433 μὲν
830 1349 958 1433 ἐθλιβον
980 1349 1008 1416 οἱ
1029 1353 1151 1434 ἐχθροί,

66 1454 118 1538 ἐγώ
141 1457 176 1520 di
199 1457 333 1539 ἐκεῖνον,
355 1455 509 1540 ἐλέγχων,
531 1452 746 1538 ἐξονειδίζων,
769 1452 926 1540 ἐκφαίνων
951 1449 992 1516 τύ
1014 1450 1056 1524 ὥς
1074 1447 1152 1514 ἑκά-

66 1578 147 1620 στοτε
167 1551 355 1640 σφάλματα,
376 1558 491 1633 λαλῶν,
512 1553 543 1618 ei
564 1555 618 1619 καί
631 1556 676 1627 τίς
695 1553 857 1636 ἀνήνυτον,
879 1549 958 1637 ύπερ
979 1543 1092 1635 ἤκουον
1111 1543 1152 1616 dv

66 1753 231 1835 κακοτυχὲς
251 1749 368 1816 ἔκλαον
389 1754 494 1828 αύτοῖς
512 1752 553 1816 τὰ
576 1749 732 1834 στόματα.

36 1863 61 1913 15
139 1854 313 1919 Δέδεικταί
331 1873 387 1932 μοι
408 1851 605 1938 α’ρκούντως,
626 1845 733 1936 οἶμαι,
752 1850 796 1926 cic
817 1852 909 1914 ου’δίν
929 1875 960 1916 τι
979 1872 1152 1934 κοινοπρα-

66 1952 107 2031 γοῖ
127 1952 307 2031 κακολογῶν
340 1948 622 2036 οἶλλοφρονὴσαντα
651 1948 706 2014 τὸν
726 1951 846 2034 Arsit,
868 1948 902 2014 ὃν
924 1952 1152 2036 σωφρονοῦντα

27 2051 30 2060 ’
67 2049 189 2131 φθάσας
224 2045 386 2131 εύλύγουν.
435 2047 494 2130 ἐγώ
520 2051 555 2112 δὲ
577 2045 662 2113 ούτω
681 2048 737 2114 καί
756 2045 811 2112 riv
832 2053 969 2130 βασιλέα
992 2045 1151 2132 Ἀνδρόνι.

67 2170 131 2229 κον,
154 2146 189 2213 ὃν
211 2148 418 2230 ὑποκαταβὰς
439 2151 497 2210 onix
517 2142 557 2212 ris
581 2138 619 2211 τύ
647 2153 749 2231 λέγειν
770 2153 815 2222 τίς
836 2146 871 2212 τύ
892 2152 956 2214 πᾶν
975 2146 1099 2232 ἔχοιμι,
1119 2151 1154 2214 ἐκ

68 2238 166 2324 ἄλλοις
193 2246 391 2332 ἐθαύμασα,
413 2249 541 2333 φράσας
571 2248 735 2333 ἐπιλίγδην
769 2243 788 2310 δ’
813 2274 844 2313 τι
871 2251 935 2314 τῶν
969 2246 1153 2332 κρειττόνων

35 2346 165 2436 λῡὲκείνῳ
191 2347 375 2427 ἐνέλαμπεν.
419 2351 459 2410 ού
477 2345 539 2430 γύρ
563 2370 594 2411 τι
613 2346 692 2412 κατὰ
714 2345 790 2422 τούς
810 2347 953 2434 φαύλους
977 2350 1041 2413 τῶν
1060 2369 1154 2432 σοφι-

71 2449 144 2510 ornis
175 2445 355 2532 ἀναγράφω
384 2450 558 2532 ἀντίφωνα.
609 2450 687 2532 πρὸς
715 2450 750 2512 δὲ
781 2447 1000 2533 συγγραφικήν
1034 2443 1153 2531 ταύτην

68 2543 202 2628 ἱστορίαν
221 2545 280 2610 ούκ
300 2543 365 2628 ἔχω
386 2543 537 2631 κρύπτειν
556 2540 617 2612 ὅσα
649 2555 715 2622 τοῖς
735 2538 809 2630 ύρτι
835 2546 915 2632 πρὸς
936 2544 1043 2632 εἱρμὸν
1066 2570 1152 2628 συμ.

67 2646 248 2732 βαίνουσιν,
270 2644 314 2723 ὥς
342 2640 364 2730 ἥ
386 2669 422 2731 γε
444 2645 537 2731 loturi
558 2645 722 2735 ῥητορεία,
745 2644 765 2733 ἦ
787 2645 867 2732 πρὸς
895 2645 989 2732 ψιλὸν
1012 2644 1150 2730 ἔπαινον,

68 2897 188 2954 diendum
205 2901 258 2954 boc
276 2913 332 2967 est,
359 2905 408 2958 sed
434 2895 514 2958 simul
534 2905 716 2969 audiendum,
733 2907 826 2976 paucis
847 2905 927 2958 rebus
955 2904 1034 2970 bene,
1051 2905 1145 2958 multis

68 2971 130 3022 male
147 2973 280 3040 gerendis,
299 2977 416 3045 privasse
428 2995 489 3029 eum
501 2987 664 3047 postremum
682 2994 738 3029 non
751 2979 849 3040 solum,
868 2979 966 3047 quibus
984 2979 1060 3046 prius
1078 2976 1145 3047 quid

68 3057 228 3124 nummorum
249 3056 376 3116 parasset,
395 3051 524 3117 singulos,
545 3050 592 3101 sed
612 3057 723 3101 cunctos
741 3050 831 3113 bonis,
846 3048 1057 3101 innumerabiles
1068 3049 1148 3100 etiam

66 3120 117 3162 vrta
140 3116 255 3167 exuisse.
298 3135 342 3170 'ne
370 3127 460 3172 tamen
487 3121 550 3189 quis
573 3118 641 3172 mibi
671 3120 831 3189 exprobret,
860 3137 903 3170 me
930 3137 1003 3172 nunc
1032 3119 1149 3188 resipere

68 3190 91 3232 u
108 3184 258 3254 Epimetbei
278 3190 363 3240 instar
380 3207 440 3242 sero
458 3192 567 3254 sentire,
589 3193 679 3261 qualis
691 3191 777 3242 David
795 3193 845 3242 iste
860 3191 950 3254 fuerit,
969 3207 1002 3241 ex
1021 3205 1075 3259 quo
1095 3191 1148 3241 sci·
1207 3184 1212 3195 '

67 3251 125 3304 licet
141 3265 245 3324 pateat,
265 3261 367 3312 misisse
387 3278 448 3312 eum
470 3261 561 3313 Siculo
580 3280 639 3313 cum
658 3264 828 3314 Maurozoura
846 3261 960 3330 praedae
980 3268 1007 3311 et
1023 3259 1147 3310 miseriae

68 3331 166 3376 nostrae
184 3331 326 3396 primitias,
345 3349 426 3400 quern
448 3333 553 3386 utinam
567 3333 702 3403 Harpyiae
716 3333 890 3384 abstulissent
909 3333 981 3400 prius
999 3347 1077 3400 quam
1096 3343 1147 3382 nos

66 3397 259 3511 pessumdaret:
292 3402 419 3471 equidem
435 3421 491 3456 non
509 3421 597 3474 nuper
623 3406 740 3455 animum
759 3404 869 3466 mutavi,
887 3403 935 3454 sed
950 3401 1080 3472 quamdiu
1096 3402 1147 3452 ille

84 3466 160 3518 ellum
179 3469 391 3536 administrarit,
412 3483 443 3528 ut
462 3490 511 3528 nos
532 3474 624 3526 hoster
642 3475 791 3538 vexabant,
811 3474 849 3525 ita
868 3490 917 3541 ego
939 3474 1017 3524 illum
1029 3474 1146 3526 vicissim

67 3537 205 3616 affluendo,
225 3542 428 3611 exprobrando,
447 3545 628 3609 ostendendo,
649 3542 715 3616 q'uid
734 3552 909 3616 pensaretur,
928 3544 1077 3598 dictitando
1097 3544 1147 3596 de·

67 3621 156 3686 utque,
183 3614 302 3679 quamvis
326 3615 477 3680 incassum,
506 3633 576 3686 quae
602 3619 682 3669 etiam
710 3635 743 3668 ex
762 3617 823 3667 aliis
843 3614 984 3669 auditurus
1001 3617 1104 3680 luisset,
1122 3616 1145 3668 si

67 3674 144 3729 bbere
163 3679 206 3732 illi
225 3684 310 3735 locuti
328 3696 427 3750 essent,
446 3704 498 3739 nec
515 3688 622 3738 miseria
640 3688 714 3740 urbis
733 3687 890 3738 occlusisset
907 3704 961 3738 ors.

128 3749 208 3815 Satis,
232 3755 551 3822 opinor,de1nonstrari,
575 3758 645 3809 nihil
662 3776 705 3810 me
730 3759 866 3826 singulare
887 3759 983 3823 iacere,
1003 3774 1086 3830 quum
1102 3773 1149 3808 re.

66 3816 198 3902 P.'²¹.²‘?¹²d⁰
219 3841 337 3894 nequam
365 3826 465 3880 iactum
492 3829 597 3891 David,
620 3847 700 3900 quern
729 3831 804 3898 prius
823 3830 973 3898 sapientem
993 3827 1147 3880 laudabam.

67 3891 184 3942 unrlrter
210 3894 399 3964 imperatorem
417 3899 600 3952 Andronicum
627 3917 754 3972 quoque,
772 3915 853 3970 quem
870 3900 1035 3969 procedente
1059 3915 1147 3951 rerum

67 3963 211 4041 narratione
236 3983 291 4018 non
318 3969 450 4022 laudarim
475 3980 626 4040 perpetuo,
645 3974 673 4022 in
691 3973 752 4022 aliis
771 3971 851 4022 rebus
867 3974 977 4023 miratus
996 3989 1065 4035 sum,
1084 3972 1147 4022 stri-

68 4036 123 4110 ctim
141 4040 364 4102 commemoratis,
382 4041 481 4110 quibus
501 4044 645 4112 praecipue
655 4041 826 4111 splendebat,
845 4042 999 4095 virtutibus.
1035 4042 1147 4097 minima

68 4112 130 4151 snun
148 4105 276 4160 malorum
294 4110 474 4179 sophistarum
494 4113 620 4182 exemplo
644 4113 855 4166 declamationes
875 4114 904 4166 iu
924 4122 1064 4186 utramque
1083 4129 1147 4182 par-

66 4173 114 4223 tem
128 4174 224 4232 scribo·
274 4181 349 4252 quod
371 4189 462 4237 autem
489 4183 524 4236 ad
544 4183 615 4238 hanc
634 4201 723 4239 rerum
739 4201 827 4257 nuper
845 4193 980 4256 gestarum
997 4185 1146 4241 enarratio-
