<?xml version="1.0" encoding="UTF-8"?>
<!DOCTYPE html PUBLIC "-//W3C//DTD XHTML 1.0 Transitional//EN"
    "http://www.w3.org/TR/xhtml1/DTD/xhtml1-transitional.dtd">
<html xmlns="http://www.w3.org/1999/xhtml" xml:lang="en" lang="en">
 <head>
  <title>
</title>
<meta http-equiv="Content-Type" content="text/html;charset=utf-8" />
  <meta name='ocr-system' content='tesseract 3.04.00' />
  <meta name='ocr-capabilities' content='ocr_page ocr_carea ocr_par ocr_line ocrx_word'/>
</head>
<body>
  <div class='ocr_page' id='page_1' title='image "./chronographia01eustgoog_0419.png"; bbox 0 0 2838 4902; ppageno 0'>
   <div class='ocr_carea' id='block_1_1' title="bbox 264 344 945 424">
    <p class='ocr_par' dir='ltr' id='par_1_1' title="bbox 264 344 945 424">
     <span class='ocr_line' id='line_1_1' title="bbox 264 344 945 424; baseline -0.001 -3"><span class='ocrx_word' id='word_1_1' title='bbox 264 344 339 422; x_wconf 75' lang='lat'>416</span> <span class='ocrx_word' id='word_1_2' title='bbox 689 357 945 424; x_wconf 74' lang='lat' dir='ltr'>aususausus</span> 
     </span>
    </p>
   </div>
   <div class='ocr_carea' id='block_1_2' title="bbox 264 501 1414 696">
    <p class='ocr_par' dir='ltr' id='par_1_2' title="bbox 264 501 1414 696">
     <span class='ocr_line' id='line_1_2' title="bbox 265 501 1351 596; baseline 0.002 -20"><span class='ocrx_word' id='word_1_3' title='bbox 265 514 322 576; x_wconf 68' lang='lat' dir='ltr'>sas*</span> <span class='ocrx_word' id='word_1_4' title='bbox 343 509 508 592; x_wconf 84' lang='grc' dir='ltr'><strong><em>α’ρχόνταν</em></strong></span> <span class='ocrx_word' id='word_1_5' title='bbox 538 501 594 584; x_wconf 70' lang='lat' dir='ltr'>uiis</span> <span class='ocrx_word' id='word_1_6' title='bbox 624 505 641 572; x_wconf 85' lang='grc' dir='ltr'><strong><em>ό</em></strong></span> <span class='ocrx_word' id='word_1_7' title='bbox 664 506 859 596; x_wconf 75' lang='grc' dir='ltr'>Ἀνδρόνικος</span> <span class='ocrx_word' id='word_1_8' title='bbox 889 507 1022 596; x_wconf 79' lang='grc' dir='ltr'><strong><em>φαύλως</em></strong></span> <span class='ocrx_word' id='word_1_9' title='bbox 1042 509 1167 576; x_wconf 76' lang='grc' dir='ltr'><strong><em>διέθετο</em></strong></span> <span class='ocrx_word' id='word_1_10' title='bbox 1188 549 1251 595; x_wconf 81' lang='lat'>—‚</span> <span class='ocrx_word' id='word_1_11' title='bbox 1271 505 1351 578; x_wconf 72' lang='grc' dir='ltr'><strong><em>οὗτοι</em></strong></span> 
     </span>
     <span class='ocr_line' id='line_1_3' title="bbox 264 601 1414 696; baseline 0.003 -22"><span class='ocrx_word' id='word_1_12' title='bbox 264 605 315 692; x_wconf 68' lang='grc' dir='ltr'>δή,</span> <span class='ocrx_word' id='word_1_13' title='bbox 336 614 390 674; x_wconf 81' lang='grc' dir='ltr'><strong><em>καί</em></strong></span> <span class='ocrx_word' id='word_1_14' title='bbox 411 603 479 674; x_wconf 73' lang='grc' dir='ltr'><strong><em>ὅσοι</em></strong></span> <span class='ocrx_word' id='word_1_15' title='bbox 508 609 546 674; x_wconf 84' lang='grc' dir='ltr'><strong><em>δέ</em></strong></span> <span class='ocrx_word' id='word_1_16' title='bbox 565 601 655 674; x_wconf 72' lang='lat' dir='ltr'>altior</span> <span class='ocrx_word' id='word_1_17' title='bbox 677 609 712 674; x_wconf 82' lang='grc' dir='ltr'>ἐν</span> <span class='ocrx_word' id='word_1_18' title='bbox 746 603 867 690; x_wconf 75' lang='grc' dir='ltr'><strong><em>ὁμοίοις</em></strong></span> <span class='ocrx_word' id='word_1_19' title='bbox 898 615 1004 686; x_wconf 67' lang='grc' dir='ltr'><strong><em>κακοῖς</em></strong></span> <span class='ocrx_word' id='word_1_20' title='bbox 1026 601 1125 694; x_wconf 72' lang='grc' dir='ltr'><strong><em>ἦσαν,</em></strong></span> <span class='ocrx_word' id='word_1_21' title='bbox 1147 614 1352 696; x_wconf 80' lang='grc' dir='ltr'><strong><em>ἐπρέσβευσαν</em></strong></span> <span class='ocrx_word' id='word_1_22' title='bbox 1413 673 1414 686; x_wconf 67' lang='grc'><strong><em>,</em></strong></span> 
     </span>
    </p>
   </div>
   <div class='ocr_carea' id='block_1_3' title="bbox 261 705 1416 2793">
    <p class='ocr_par' dir='ltr' id='par_1_3' title="bbox 261 705 1416 2693">
     <span class='ocr_line' id='line_1_4' title="bbox 264 705 1353 799; baseline 0.002 -25"><span class='ocrx_word' id='word_1_23' title='bbox 264 709 352 796; x_wconf 86' lang='grc' dir='ltr'><strong><em>παρά</em></strong></span> <span class='ocrx_word' id='word_1_24' title='bbox 374 705 508 786; x_wconf 78' lang='grc' dir='ltr'><strong><em>πολλσός</em></strong></span> <span class='ocrx_word' id='word_1_25' title='bbox 537 709 600 774; x_wconf 79' lang='grc' dir='ltr'>κάν</span> <span class='ocrx_word' id='word_1_26' title='bbox 627 711 762 793; x_wconf 76' lang='grc' dir='ltr'><strong><em>μέγιστα</em></strong></span> <span class='ocrx_word' id='word_1_27' title='bbox 791 709 973 790; x_wconf 82' lang='grc' dir='ltr'><strong><em>δυναμένων</em></strong></span> <span class='ocrx_word' id='word_1_28' title='bbox 996 707 1074 792; x_wconf 77' lang='grc' dir='ltr'><strong><em>περί</em></strong></span> <span class='ocrx_word' id='word_1_29' title='bbox 1089 733 1124 775; x_wconf 87' lang='grc' dir='ltr'><strong><em>τε</em></strong></span> <span class='ocrx_word' id='word_1_30' title='bbox 1148 710 1187 776; x_wconf 82' lang='lat' dir='ltr'>sci</span> <span class='ocrx_word' id='word_1_31' title='bbox 1206 714 1260 798; x_wconf 71' lang='grc' dir='ltr'>τῆς</span> <span class='ocrx_word' id='word_1_32' title='bbox 1281 707 1353 799; x_wconf 62' lang='lat' dir='ltr'>ipius</span> 
     </span>
     <span class='ocr_line' id='line_1_5' title="bbox 264 801 1353 894; baseline 0 -20"><span class='ocrx_word' id='word_1_33' title='bbox 264 804 383 894; x_wconf 69' lang='grc' dir='ltr'><strong><em>λήξεως</em></strong></span> <span class='ocrx_word' id='word_1_34' title='bbox 411 806 466 874; x_wconf 74' lang='lat' dir='ltr'>nat</span> <span class='ocrx_word' id='word_1_35' title='bbox 493 807 532 873; x_wconf 83' lang='lat' dir='ltr'>sci</span> <span class='ocrx_word' id='word_1_36' title='bbox 555 801 700 892; x_wconf 77' lang='grc' dir='ltr'><strong><em>ἐσπέρια.</em></strong></span> <span class='ocrx_word' id='word_1_37' title='bbox 749 805 805 873; x_wconf 84' lang='grc' dir='ltr'>καέ</span> <span class='ocrx_word' id='word_1_38' title='bbox 835 805 944 890; x_wconf 79' lang='grc' dir='ltr'><strong><em>οἱμὲν</em></strong></span> <span class='ocrx_word' id='word_1_39' title='bbox 972 805 1028 874; x_wconf 83' lang='grc' dir='ltr'>τόν</span> <span class='ocrx_word' id='word_1_40' title='bbox 1048 809 1186 875; x_wconf 84' lang='grc' dir='ltr'><strong><em>σουλτάν</em></strong></span> <span class='ocrx_word' id='word_1_41' title='bbox 1207 812 1353 894; x_wconf 73' lang='grc' dir='ltr'>ἠρέθισαν</span> 
     </span>
     <span class='ocr_line' id='line_1_6' title="bbox 265 906 1372 993; baseline -0.004 -19"><span class='ocrx_word' id='word_1_42' title='bbox 265 908 306 974; x_wconf 78' lang='grc' dir='ltr'>τά</span> <span class='ocrx_word' id='word_1_43' title='bbox 326 912 435 990; x_wconf 72' lang='grc' dir='ltr'><strong><em>πλείω,</em></strong></span> <span class='ocrx_word' id='word_1_44' title='bbox 457 906 682 991; x_wconf 79' lang='grc' dir='ltr'><strong><em>προϊσχόμενοι</em></strong></span> <span class='ocrx_word' id='word_1_45' title='bbox 696 910 742 983; x_wconf 80' lang='grc' dir='ltr'><strong><em>εἰς</em></strong></span> <span class='ocrx_word' id='word_1_46' title='bbox 758 909 924 972; x_wconf 74' lang='grc' dir='ltr'><strong><em>δυσωπίαν</em></strong></span> <span class='ocrx_word' id='word_1_47' title='bbox 954 907 1008 974; x_wconf 78' lang='grc' dir='ltr'>τόν</span> <span class='ocrx_word' id='word_1_48' title='bbox 1028 910 1086 973; x_wconf 79' lang='grc' dir='ltr'>τοῦ</span> <span class='ocrx_word' id='word_1_49' title='bbox 1100 909 1283 993; x_wconf 78' lang='grc' dir='ltr'><strong><em>βραχυβάιυ</em></strong></span> <span class='ocrx_word' id='word_1_50' title='bbox 1303 915 1372 992; x_wconf 65' lang='grc' dir='ltr'>βαρ</span> 
     </span>
     <span class='ocr_line' id='line_1_7' title="bbox 264 997 1354 1096; baseline 0 -22"><span class='ocrx_word' id='word_1_51' title='bbox 264 1010 376 1084; x_wconf 77' lang='grc' dir='ltr'><strong><em>σιλέως</em></strong></span> <span class='ocrx_word' id='word_1_52' title='bbox 396 1007 538 1084; x_wconf 78' lang='grc' dir='ltr'><strong><em>Ἀλεξόσυ</em></strong></span> <span class='ocrx_word' id='word_1_53' title='bbox 560 1004 708 1091; x_wconf 71' lang='grc' dir='ltr'><strong><em>θάνατον,</em></strong></span> <span class='ocrx_word' id='word_1_54' title='bbox 729 997 814 1096; x_wconf 67' lang='grc' dir='ltr'><strong><em>ᾧπερ</em></strong></span> <span class='ocrx_word' id='word_1_55' title='bbox 837 1001 954 1094; x_wconf 81' lang='lat' dir='ltr'>siparis</span> <span class='ocrx_word' id='word_1_56' title='bbox 971 1005 1064 1072; x_wconf 81' lang='lat' dir='ltr'>naarai</span> <span class='ocrx_word' id='word_1_57' title='bbox 1083 1005 1139 1072; x_wconf 86' lang='grc' dir='ltr'>διά</span> <span class='ocrx_word' id='word_1_58' title='bbox 1159 1007 1217 1074; x_wconf 84' lang='grc' dir='ltr'>τόν</span> <span class='ocrx_word' id='word_1_59' title='bbox 1240 1013 1354 1094; x_wconf 80' lang='grc' dir='ltr'><strong><em>ποτέρα</em></strong></span> 
     </span>
     <span class='ocr_line' id='line_1_8' title="bbox 264 1102 1357 1192; baseline 0.001 -18"><span class='ocrx_word' id='word_1_60' title='bbox 264 1107 426 1191; x_wconf 66' lang='lat' dir='ltr'>Marruuii</span> <span class='ocrx_word' id='word_1_61' title='bbox 447 1105 464 1170; x_wconf 86' lang='grc' dir='ltr'><strong><em>ό</em></strong></span> <span class='ocrx_word' id='word_1_62' title='bbox 487 1109 551 1171; x_wconf 79' lang='grc' dir='ltr'>τάν</span> <span class='ocrx_word' id='word_1_63' title='bbox 570 1104 751 1192; x_wconf 79' lang='grc' dir='ltr'><strong><em>Ἀγαρηνῶν</em></strong></span> <span class='ocrx_word' id='word_1_64' title='bbox 771 1102 949 1190; x_wconf 62' lang='grc' dir='ltr'><strong><em>ἐθνάρχας·</em></strong></span> <span class='ocrx_word' id='word_1_65' title='bbox 981 1105 1081 1190; x_wconf 74' lang='grc' dir='ltr'><strong><em>ἕτεροι</em></strong></span> <span class='ocrx_word' id='word_1_66' title='bbox 1102 1109 1139 1172; x_wconf 80' lang='grc' dir='ltr'>δὲ</span> <span class='ocrx_word' id='word_1_67' title='bbox 1161 1105 1218 1174; x_wconf 81' lang='grc' dir='ltr'>τόν</span> <span class='ocrx_word' id='word_1_68' title='bbox 1238 1112 1275 1174; x_wconf 87' lang='grc' dir='ltr'>ἐν</span> <span class='ocrx_word' id='word_1_69' title='bbox 1290 1109 1357 1175; x_wconf 81' lang='grc' dir='ltr'>Ἀν-</span> 
     </span>
     <span class='ocr_line' id='line_1_9' title="bbox 263 1205 1356 1296; baseline 0 -22"><span class='ocrx_word' id='word_1_70' title='bbox 263 1207 384 1294; x_wconf 73' lang='grc' dir='ltr'><strong><em>τιοχεόρ</em></strong></span> <span class='ocrx_word' id='word_1_71' title='bbox 403 1207 655 1290; x_wconf 70' lang='grc' dir='ltr'><strong><em>προκαθήμενον,</em></strong></span> <span class='ocrx_word' id='word_1_72' title='bbox 677 1206 732 1271; x_wconf 80' lang='grc' dir='ltr'>τόν</span> <span class='ocrx_word' id='word_1_73' title='bbox 750 1228 783 1272; x_wconf 81' lang='lat' dir='ltr'>ss</span> <span class='ocrx_word' id='word_1_74' title='bbox 801 1205 879 1272; x_wconf 85' lang='grc' dir='ltr'><strong><em>κατά</em></strong></span> <span class='ocrx_word' id='word_1_75' title='bbox 902 1207 1020 1288; x_wconf 82' lang='grc' dir='ltr'><strong><em>κόσμον</em></strong></span> <span class='ocrx_word' id='word_1_76' title='bbox 1041 1211 1096 1272; x_wconf 92' lang='grc' dir='ltr'><strong><em>καί</em></strong></span> <span class='ocrx_word' id='word_1_77' title='bbox 1114 1205 1172 1273; x_wconf 81' lang='grc' dir='ltr'>τόν</span> <span class='ocrx_word' id='word_1_78' title='bbox 1194 1211 1356 1296; x_wconf 82' lang='grc' dir='ltr'><strong><em>ἐκκλησια-</em></strong></span> 
     </span>
     <span class='ocr_line' id='line_1_10' title="bbox 264 1298 1357 1391; baseline 0.002 -19"><span class='ocrx_word' id='word_1_79' title='bbox 264 1310 397 1388; x_wconf 67' lang='grc' dir='ltr'><strong><em>στικαῖς,</em></strong></span> <span class='ocrx_word' id='word_1_80' title='bbox 419 1298 509 1372; x_wconf 83' lang='grc' dir='ltr'><strong><em>άλλσι</em></strong></span> <span class='ocrx_word' id='word_1_81' title='bbox 543 1307 578 1372; x_wconf 85' lang='grc' dir='ltr'><strong><em>δέ</em></strong></span> <span class='ocrx_word' id='word_1_82' title='bbox 598 1303 655 1370; x_wconf 83' lang='grc' dir='ltr'>τόν</span> <span class='ocrx_word' id='word_1_83' title='bbox 680 1309 715 1370; x_wconf 91' lang='grc' dir='ltr'>ἐν</span> <span class='ocrx_word' id='word_1_84' title='bbox 743 1306 976 1390; x_wconf 70' lang='grc' dir='ltr'><strong><em>Ἱεροσολύμοις</em></strong></span> <span class='ocrx_word' id='word_1_85' title='bbox 1003 1310 1157 1391; x_wconf 74' lang='grc' dir='ltr'>ζηλοῦντα</span> <span class='ocrx_word' id='word_1_86' title='bbox 1188 1311 1357 1388; x_wconf 77' lang='grc' dir='ltr'><strong><em>βασιλικῶς</em></strong></span> 
     </span>
     <span class='ocr_line' id='line_1_11' title="bbox 264 1397 1387 1491; baseline 0.002 -21"><span class='ocrx_word' id='word_1_87' title='bbox 264 1406 344 1489; x_wconf 82' lang='grc' dir='ltr'>όπέρ</span> <span class='ocrx_word' id='word_1_88' title='bbox 372 1408 432 1472; x_wconf 78' lang='grc' dir='ltr'>τοῦ</span> <span class='ocrx_word' id='word_1_89' title='bbox 455 1409 562 1470; x_wconf 79' lang='grc' dir='ltr'><strong><em>καλοῦ.</em></strong></span> <span class='ocrx_word' id='word_1_90' title='bbox 606 1399 779 1491; x_wconf 80' lang='grc' dir='ltr'><strong><em>ιδφειλέτην</em></strong></span> <span class='ocrx_word' id='word_1_91' title='bbox 809 1406 844 1468; x_wconf 77' lang='grc' dir='ltr'>δὲ</span> <span class='ocrx_word' id='word_1_92' title='bbox 867 1397 931 1488; x_wconf 83' lang='grc' dir='ltr'><strong><em>όρα</em></strong></span> <span class='ocrx_word' id='word_1_93' title='bbox 957 1403 1013 1471; x_wconf 77' lang='grc' dir='ltr'><strong><em>καὶ</em></strong></span> <span class='ocrx_word' id='word_1_94' title='bbox 1043 1404 1142 1470; x_wconf 81' lang='lat' dir='ltr'>rosisse</span> <span class='ocrx_word' id='word_1_95' title='bbox 1162 1405 1208 1472; x_wconf 84' lang='lat' dir='ltr'>rai</span> <span class='ocrx_word' id='word_1_96' title='bbox 1231 1400 1357 1491; x_wconf 83' lang='grc' dir='ltr'><strong><em>άρχοντε</em></strong></span> <span class='ocrx_word' id='word_1_97' title='bbox 1366 1435 1387 1482; x_wconf 79' lang='lat'>10</span> 
     </span>
     <span class='ocr_line' id='line_1_12' title="bbox 265 1503 1416 1596; baseline 0.003 -26"><span class='ocrx_word' id='word_1_98' title='bbox 265 1505 369 1592; x_wconf 71' lang='grc' dir='ltr'><strong><em>σ’ρθὴν</em></strong></span> <span class='ocrx_word' id='word_1_99' title='bbox 385 1503 510 1592; x_wconf 81' lang='grc' dir='ltr'><strong><em>άγόπην</em></strong></span> <span class='ocrx_word' id='word_1_100' title='bbox 528 1506 585 1571; x_wconf 76' lang='grc' dir='ltr'><strong><em>καὶ</em></strong></span> <span class='ocrx_word' id='word_1_101' title='bbox 603 1507 788 1590; x_wconf 73' lang='grc' dir='ltr'><strong><em>ἐπικουρίαν</em></strong></span> <span class='ocrx_word' id='word_1_102' title='bbox 805 1503 889 1588; x_wconf 85' lang='grc' dir='ltr'><strong><em>μετά</em></strong></span> <span class='ocrx_word' id='word_1_103' title='bbox 910 1503 967 1570; x_wconf 83' lang='grc' dir='ltr'>τόν</span> <span class='ocrx_word' id='word_1_104' title='bbox 980 1504 1141 1590; x_wconf 65' lang='lat' dir='ltr'>Massurii</span> <span class='ocrx_word' id='word_1_105' title='bbox 1163 1509 1358 1596; x_wconf 81' lang='grc' dir='ltr'><strong><em>α’δικσυμὲνρ</em></strong></span> <span class='ocrx_word' id='word_1_106' title='bbox 1415 1549 1416 1574; x_wconf 60' lang='lat' dir='ltr'>r</span> 
     </span>
     <span class='ocr_line' id='line_1_13' title="bbox 263 1603 1359 1696; baseline 0 -24"><span class='ocrx_word' id='word_1_107' title='bbox 263 1607 306 1694; x_wconf 73' lang='lat' dir='ltr'>spi</span> <span class='ocrx_word' id='word_1_108' title='bbox 327 1603 387 1694; x_wconf 75' lang='grc' dir='ltr'>υἱῷ</span> <span class='ocrx_word' id='word_1_109' title='bbox 419 1607 554 1696; x_wconf 78' lang='grc' dir='ltr'><strong><em>Ἀλεξέφ.</em></strong></span> <span class='ocrx_word' id='word_1_110' title='bbox 605 1605 638 1670; x_wconf 85' lang='lat' dir='ltr'>ai</span> <span class='ocrx_word' id='word_1_111' title='bbox 674 1607 709 1670; x_wconf 83' lang='grc' dir='ltr'>δὲ</span> <span class='ocrx_word' id='word_1_112' title='bbox 740 1607 980 1691; x_wconf 75' lang='grc' dir='ltr'><strong><em>ἐντρεχέστεραι</em></strong></span> <span class='ocrx_word' id='word_1_113' title='bbox 1007 1608 1071 1670; x_wconf 79' lang='grc' dir='ltr'>κάν</span> <span class='ocrx_word' id='word_1_114' title='bbox 1090 1611 1272 1690; x_wconf 75' lang='grc' dir='ltr'><strong><em>πρεσβειῶν</em></strong></span> <span class='ocrx_word' id='word_1_115' title='bbox 1290 1609 1359 1692; x_wconf 75' lang='grc' dir='ltr'><strong><em>περὶ</em></strong></span> 
     </span>
     <span class='ocr_line' id='line_1_14' title="bbox 263 1700 1358 1792; baseline -0.002 -20"><span class='ocrx_word' id='word_1_116' title='bbox 263 1705 304 1772; x_wconf 77' lang='grc' dir='ltr'>τά</span> <span class='ocrx_word' id='word_1_117' title='bbox 327 1710 400 1772; x_wconf 76' lang='grc' dir='ltr'><strong><em>καθ’</em></strong></span> <span class='ocrx_word' id='word_1_118' title='bbox 420 1700 558 1789; x_wconf 73' lang='grc' dir='ltr'><strong><em>ἑσπέραν</em></strong></span> <span class='ocrx_word' id='word_1_119' title='bbox 581 1709 786 1789; x_wconf 75' lang='grc' dir='ltr'><strong><em>ἐξεκαλοῦντο,</em></strong></span> <span class='ocrx_word' id='word_1_120' title='bbox 817 1709 873 1771; x_wconf 93' lang='grc' dir='ltr'><strong><em>καί</em></strong></span> <span class='ocrx_word' id='word_1_121' title='bbox 891 1703 1051 1785; x_wconf 85' lang='grc' dir='ltr'><strong><em>ἐλιτάζιτο</em></strong></span> <span class='ocrx_word' id='word_1_122' title='bbox 1074 1706 1155 1792; x_wconf 86' lang='grc' dir='ltr'><strong><em>πρός</em></strong></span> <span class='ocrx_word' id='word_1_123' title='bbox 1177 1709 1241 1788; x_wconf 76' lang='grc' dir='ltr'>μὲν</span> <span class='ocrx_word' id='word_1_124' title='bbox 1262 1711 1326 1774; x_wconf 76' lang='grc' dir='ltr'><strong><em>τεόν</em></strong></span> <span class='ocrx_word' id='word_1_125' title='bbox 1344 1709 1358 1770; x_wconf 89' lang='grc' dir='ltr'><strong><em>ό</em></strong></span> 
     </span>
     <span class='ocr_line' id='line_1_15' title="bbox 263 1800 1360 1894; baseline -0.003 -21"><span class='ocrx_word' id='word_1_126' title='bbox 263 1807 326 1873; x_wconf 82' lang='grc' dir='ltr'><strong><em>ειόν</em></strong></span> <span class='ocrx_word' id='word_1_127' title='bbox 359 1809 394 1872; x_wconf 88' lang='grc' dir='ltr'>ἐν</span> <span class='ocrx_word' id='word_1_128' title='bbox 426 1803 548 1894; x_wconf 74' lang='grc' dir='ltr'><strong><em>μεγάλῃ</em></strong></span> <span class='ocrx_word' id='word_1_129' title='bbox 572 1800 678 1894; x_wconf 77' lang='grc' dir='ltr'><strong><em>Ῥώμῃ</em></strong></span> <span class='ocrx_word' id='word_1_130' title='bbox 710 1806 940 1892; x_wconf 79' lang='grc' dir='ltr'><strong><em>ἐρχοερατικοός</em></strong></span> <span class='ocrx_word' id='word_1_131' title='bbox 971 1802 1150 1893; x_wconf 81' lang='grc' dir='ltr'><strong><em>όπερεσειός</em></strong></span> <span class='ocrx_word' id='word_1_132' title='bbox 1177 1809 1235 1872; x_wconf 98' lang='grc' dir='ltr'><strong><em>καί</em></strong></span> <span class='ocrx_word' id='word_1_133' title='bbox 1269 1805 1360 1884; x_wconf 78' lang='grc' dir='ltr'><strong><em>εἴτις</em></strong></span> 
     </span>
     <span class='ocr_line' id='line_1_16' title="bbox 263 1899 1389 1995; baseline 0.006 -23"><span class='ocrx_word' id='word_1_134' title='bbox 263 1899 358 1984; x_wconf 73' lang='grc' dir='ltr'><strong><em>ἄλλος</em></strong></span> <span class='ocrx_word' id='word_1_135' title='bbox 378 1909 454 1990; x_wconf 82' lang='grc' dir='ltr'><strong><em>παρ’</em></strong></span> <span class='ocrx_word' id='word_1_136' title='bbox 470 1909 556 1995; x_wconf 71' lang='lat' dir='ltr'>crispi</span> <span class='ocrx_word' id='word_1_137' title='bbox 576 1910 630 1972; x_wconf 78' lang='grc' dir='ltr'><strong><em>καί</em></strong></span> <span class='ocrx_word' id='word_1_138' title='bbox 653 1912 719 1972; x_wconf 81' lang='grc' dir='ltr'><strong><em>κατ’</em></strong></span> <span class='ocrx_word' id='word_1_139' title='bbox 738 1905 836 1972; x_wconf 81' lang='grc' dir='ltr'><strong><em>αότόν</em></strong></span> <span class='ocrx_word' id='word_1_140' title='bbox 855 1904 985 1994; x_wconf 79' lang='grc' dir='ltr'><strong><em>ἐσχόαν,</em></strong></span> <span class='ocrx_word' id='word_1_141' title='bbox 1000 1903 1081 1994; x_wconf 86' lang='grc' dir='ltr'><strong><em>πρός</em></strong></span> <span class='ocrx_word' id='word_1_142' title='bbox 1104 1909 1140 1972; x_wconf 84' lang='grc' dir='ltr'><strong><em>δέ</em></strong></span> <span class='ocrx_word' id='word_1_143' title='bbox 1159 1909 1223 1973; x_wconf 78' lang='grc' dir='ltr'><strong><em>τάν</em></strong></span> <span class='ocrx_word' id='word_1_144' title='bbox 1245 1906 1263 1974; x_wconf 86' lang='grc' dir='ltr'><em>ὃ</em></span> <span class='ocrx_word' id='word_1_145' title='bbox 1284 1912 1316 1974; x_wconf 91' lang='grc' dir='ltr'><strong><em>Γ</em></strong></span> <span class='ocrx_word' id='word_1_146' title='bbox 1313 1933 1359 1990; x_wconf 81' lang='lat' dir='ltr'>ep.</span> <span class='ocrx_word' id='word_1_147' title='bbox 1369 1927 1389 1978; x_wconf 84' lang='lat' dir='ltr'>u</span> 
     </span>
     <span class='ocr_line' id='line_1_17' title="bbox 261 2003 1360 2094; baseline 0.003 -24"><span class='ocrx_word' id='word_1_148' title='bbox 261 2003 393 2085; x_wconf 85' lang='grc' dir='ltr'><strong><em>μανικός</em></strong></span> <span class='ocrx_word' id='word_1_149' title='bbox 417 2003 593 2094; x_wconf 73' lang='grc' dir='ltr'><strong><em>φύλαρχος.</em></strong></span> <span class='ocrx_word' id='word_1_150' title='bbox 652 2005 786 2088; x_wconf 79' lang='grc' dir='ltr'><strong><em>ιόχλεΐνο</em></strong></span> <span class='ocrx_word' id='word_1_151' title='bbox 819 2009 855 2072; x_wconf 84' lang='grc' dir='ltr'><strong><em>δέ</em></strong></span> <span class='ocrx_word' id='word_1_152' title='bbox 885 2009 1120 2092; x_wconf 79' lang='grc' dir='ltr'><strong><em>πρεσβευτικιός</em></strong></span> <span class='ocrx_word' id='word_1_153' title='bbox 1148 2007 1245 2072; x_wconf 83' lang='grc' dir='ltr'>καέό</span> <span class='ocrx_word' id='word_1_154' title='bbox 1268 2009 1360 2084; x_wconf 71' lang='lat' dir='ltr'>ualde</span> 
     </span>
     <span class='ocr_line' id='line_1_18' title="bbox 261 2103 1360 2196; baseline 0.004 -26"><span class='ocrx_word' id='word_1_155' title='bbox 261 2104 318 2190; x_wconf 65' lang='grc' dir='ltr'>τόν</span> <span class='ocrx_word' id='word_1_156' title='bbox 339 2105 483 2184; x_wconf 73' lang='grc' dir='ltr'><strong><em>ἐξουσίαν</em></strong></span> <span class='ocrx_word' id='word_1_157' title='bbox 505 2105 687 2189; x_wconf 83' lang='grc' dir='ltr'><strong><em>Ἀλαμπνός.</em></strong></span> <span class='ocrx_word' id='word_1_158' title='bbox 731 2105 916 2172; x_wconf 71' lang='lat' dir='ltr'>uetustati</span> <span class='ocrx_word' id='word_1_159' title='bbox 937 2110 1109 2192; x_wconf 82' lang='grc' dir='ltr'><strong><em>μαρκέσιος</em></strong></span> <span class='ocrx_word' id='word_1_160' title='bbox 1128 2103 1238 2196; x_wconf 76' lang='grc' dir='ltr'><strong><em>ἡσυχῇ</em></strong></span> <span class='ocrx_word' id='word_1_161' title='bbox 1259 2111 1360 2189; x_wconf 82' lang='grc' dir='ltr'><strong><em>μένειν</em></strong></span> 
     </span>
     <span class='ocr_line' id='line_1_19' title="bbox 262 2202 1361 2292; baseline 0.002 -22"><span class='ocrx_word' id='word_1_162' title='bbox 262 2205 386 2290; x_wconf 82' lang='grc' dir='ltr'><strong><em>άφέεισ,</em></strong></span> <span class='ocrx_word' id='word_1_163' title='bbox 407 2205 552 2288; x_wconf 78' lang='grc' dir='ltr'><strong><em>καθάπερ</em></strong></span> <span class='ocrx_word' id='word_1_164' title='bbox 575 2207 649 2271; x_wconf 85' lang='grc' dir='ltr'><strong><em>ου’δέ</em></strong></span> <span class='ocrx_word' id='word_1_165' title='bbox 672 2204 690 2269; x_wconf 87' lang='grc' dir='ltr'><strong><em>ό</em></strong></span> <span class='ocrx_word' id='word_1_166' title='bbox 712 2207 769 2290; x_wconf 80' lang='grc' dir='ltr'>τῆς</span> <span class='ocrx_word' id='word_1_167' title='bbox 793 2207 953 2290; x_wconf 75' lang='grc' dir='ltr'><strong><em>Ου’μγριλις</em></strong></span> <span class='ocrx_word' id='word_1_168' title='bbox 973 2202 1089 2292; x_wconf 80' lang='grc' dir='ltr'><strong><em>κρόλης</em></strong></span> <span class='ocrx_word' id='word_1_169' title='bbox 1107 2210 1163 2270; x_wconf 93' lang='grc' dir='ltr'><strong><em>καί</em></strong></span> <span class='ocrx_word' id='word_1_170' title='bbox 1182 2205 1220 2283; x_wconf 73' lang='lat' dir='ltr'>iic</span> <span class='ocrx_word' id='word_1_171' title='bbox 1245 2211 1285 2272; x_wconf 85' lang='grc' dir='ltr'><strong><em>δέ</em></strong></span> <span class='ocrx_word' id='word_1_172' title='bbox 1308 2202 1361 2272; x_wconf 81' lang='grc' dir='ltr'><strong><em>άλ-</em></strong></span> 
     </span>
     <span class='ocr_line' id='line_1_20' title="bbox 267 2301 1416 2396; baseline 0.002 -25"><span class='ocrx_word' id='word_1_173' title='bbox 267 2311 319 2382; x_wconf 81' lang='lat' dir='ltr'>loc</span> <span class='ocrx_word' id='word_1_174' title='bbox 339 2302 473 2390; x_wconf 80' lang='grc' dir='ltr'><strong><em>ἰσχυρός</em></strong></span> <span class='ocrx_word' id='word_1_175' title='bbox 503 2309 672 2388; x_wconf 81' lang='grc' dir='ltr'><strong><em>περιόικος.</em></strong></span> <span class='ocrx_word' id='word_1_176' title='bbox 726 2310 781 2370; x_wconf 82' lang='grc' dir='ltr'><strong><em>καί</em></strong></span> <span class='ocrx_word' id='word_1_177' title='bbox 801 2301 898 2391; x_wconf 76' lang='lat' dir='ltr'>diosc,</span> <span class='ocrx_word' id='word_1_178' title='bbox 918 2304 998 2371; x_wconf 74' lang='grc' dir='ltr'><strong><em>ἔνθα</em></strong></span> <span class='ocrx_word' id='word_1_179' title='bbox 1017 2301 1364 2396; x_wconf 77' lang='grc' dir='ltr'><strong><em>περιήγησις“α’ρχικάι</em></strong></span> <span class='ocrx_word' id='word_1_180' title='bbox 1415 2319 1416 2330; x_wconf 59' lang='lat'>³</span> 
     </span>
     <span class='ocr_line' id='line_1_21' title="bbox 268 2403 1393 2492; baseline -0.001 -22"><span class='ocrx_word' id='word_1_181' title='bbox 268 2403 441 2487; x_wconf 80' lang='grc' dir='ltr'><strong><em>ὀνομάτων,</em></strong></span> <span class='ocrx_word' id='word_1_182' title='bbox 465 2408 532 2470; x_wconf 78' lang='grc' dir='ltr'><strong><em>ἐκεῖ</em></strong></span> <span class='ocrx_word' id='word_1_183' title='bbox 550 2408 725 2488; x_wconf 76' lang='grc' dir='ltr'><strong><em>α’πέβλεπεν</em></strong></span> <span class='ocrx_word' id='word_1_184' title='bbox 746 2407 856 2483; x_wconf 71' lang='grc' dir='ltr'><strong><em>αὐτοῖς</em></strong></span> <span class='ocrx_word' id='word_1_185' title='bbox 882 2403 919 2474; x_wconf 73' lang='lat' dir='ltr'>tt</span> <span class='ocrx_word' id='word_1_186' title='bbox 942 2405 1092 2488; x_wconf 81' lang='grc' dir='ltr'><strong><em>δεόμενον</em></strong></span> <span class='ocrx_word' id='word_1_187' title='bbox 1109 2408 1163 2491; x_wconf 73' lang='grc' dir='ltr'>τῆς</span> <span class='ocrx_word' id='word_1_188' title='bbox 1184 2412 1301 2492; x_wconf 82' lang='grc' dir='ltr'><strong><em>ψυχῆς</em></strong></span> <span class='ocrx_word' id='word_1_189' title='bbox 1320 2406 1393 2480; x_wconf 65' lang='grc' dir='ltr'><strong><em>κοῖφι</em></strong></span> 
     </span>
     <span class='ocr_line' id='line_1_22' title="bbox 270 2503 1365 2594; baseline -0.001 -24"><span class='ocrx_word' id='word_1_190' title='bbox 270 2503 302 2571; x_wconf 86' lang='lat' dir='ltr'>ui</span> <span class='ocrx_word' id='word_1_191' title='bbox 321 2505 416 2582; x_wconf 80' lang='grc' dir='ltr'><strong><em>πόδες</em></strong></span> <span class='ocrx_word' id='word_1_192' title='bbox 437 2506 551 2572; x_wconf 74' lang='grc' dir='ltr'><strong><em>αὐτίκα</em></strong></span> <span class='ocrx_word' id='word_1_193' title='bbox 579 2503 727 2593; x_wconf 77' lang='grc' dir='ltr'><strong><em>ἔτρεχον,</em></strong></span> <span class='ocrx_word' id='word_1_194' title='bbox 761 2508 817 2572; x_wconf 92' lang='grc' dir='ltr'><strong><em>καί</em></strong></span> <span class='ocrx_word' id='word_1_195' title='bbox 837 2505 855 2591; x_wconf 79' lang='grc' dir='ltr'><em>ἢ</em></span> <span class='ocrx_word' id='word_1_196' title='bbox 876 2510 1003 2589; x_wconf 76' lang='grc' dir='ltr'><strong><em>γλιόσοα</em></strong></span> <span class='ocrx_word' id='word_1_197' title='bbox 1029 2503 1135 2572; x_wconf 89' lang='grc' dir='ltr'><strong><em>ἐλάλει</em></strong></span> <span class='ocrx_word' id='word_1_198' title='bbox 1168 2505 1225 2572; x_wconf 78' lang='lat' dir='ltr'>arui</span> <span class='ocrx_word' id='word_1_199' title='bbox 1245 2507 1365 2594; x_wconf 70' lang='grc' dir='ltr'><strong><em>ἐνήργει</em></strong></span> 
     </span>
     <span class='ocr_line' id='line_1_23' title="bbox 271 2597 504 2693; baseline 0 -23"><span class='ocrx_word' id='word_1_200' title='bbox 271 2603 351 2693; x_wconf 81' lang='grc' dir='ltr'><strong><em>πρός</em></strong></span> <span class='ocrx_word' id='word_1_201' title='bbox 370 2597 504 2682; x_wconf 72' lang='grc' dir='ltr'>πειθόό.Ι</span> 
     </span>
    </p>

    <p class='ocr_par' dir='ltr' id='par_1_4' title="bbox 355 2700 1365 2793">
     <span class='ocr_line' id='line_1_24' title="bbox 355 2700 1365 2793; baseline -0.002 -21"><span class='ocrx_word' id='word_1_202' title='bbox 355 2705 512 2772; x_wconf 77' lang='grc' dir='ltr'><strong><em>Μάλιστα</em></strong></span> <span class='ocrx_word' id='word_1_203' title='bbox 542 2707 578 2772; x_wconf 84' lang='grc' dir='ltr'><strong><em>δέ</em></strong></span> <span class='ocrx_word' id='word_1_204' title='bbox 607 2706 754 2773; x_wconf 83' lang='grc' dir='ltr'><strong><em>κοισόκου</em></strong></span> <span class='ocrx_word' id='word_1_205' title='bbox 785 2703 940 2793; x_wconf 73' lang='grc' dir='ltr'><strong><em>ἐπειράθη</em></strong></span> <span class='ocrx_word' id='word_1_206' title='bbox 971 2700 1068 2790; x_wconf 83' lang='grc' dir='ltr'><strong><em>όχλου</em></strong></span> <span class='ocrx_word' id='word_1_207' title='bbox 1102 2703 1207 2774; x_wconf 75' lang='grc' dir='ltr'><strong><em>ὅσιόν</em></strong></span> <span class='ocrx_word' id='word_1_208' title='bbox 1230 2711 1365 2773; x_wconf 77' lang='grc' dir='ltr'><strong><em>Σικελόν</em></strong></span> 
     </span>
    </p>
   </div>
   <div class='ocr_carea' id='block_1_4' title="bbox 273 2957 1366 3670">
    <p class='ocr_par' dir='ltr' id='par_1_5' title="bbox 273 2957 1366 3670">
     <span class='ocr_line' id='line_1_25' title="bbox 273 2957 1365 3032; baseline -0.001 -23"><span class='ocrx_word' id='word_1_209' title='bbox 273 2975 346 3030; x_wconf 86' lang='lat' dir='ltr'>pum,</span> <span class='ocrx_word' id='word_1_210' title='bbox 369 2975 435 3030; x_wconf 87' lang='lat' dir='ltr'>quos</span> <span class='ocrx_word' id='word_1_211' title='bbox 459 2959 625 3012; x_wconf 74' lang='lat' dir='ltr'><strong>Andronicus</strong></span> <span class='ocrx_word' id='word_1_212' title='bbox 651 2959 793 3032; x_wconf 74' lang='lat' dir='ltr'>suppliciis</span> <span class='ocrx_word' id='word_1_213' title='bbox 821 2963 965 3025; x_wconf 80' lang='lat' dir='ltr'>affecerat,</span> <span class='ocrx_word' id='word_1_214' title='bbox 996 2959 1151 3013; x_wconf 74' lang='lat' dir='ltr'>domestici:</span> <span class='ocrx_word' id='word_1_215' title='bbox 1181 2957 1210 3010; x_wconf 88' lang='lat' dir='ltr'>hi</span> <span class='ocrx_word' id='word_1_216' title='bbox 1230 2961 1318 3030; x_wconf 82' lang='lat' dir='ltr'>igitur</span> <span class='ocrx_word' id='word_1_217' title='bbox 1343 2967 1365 3008; x_wconf 84' lang='lat' dir='ltr'>et</span> 
     </span>
     <span class='ocr_line' id='line_1_26' title="bbox 275 3029 1364 3102; baseline -0.001 -20"><span class='ocrx_word' id='word_1_218' title='bbox 275 3031 297 3082; x_wconf 89' lang='lat' dir='ltr'>si</span> <span class='ocrx_word' id='word_1_219' title='bbox 323 3031 371 3102; x_wconf 90' lang='lat' dir='ltr'>qui</span> <span class='ocrx_word' id='word_1_220' title='bbox 397 3029 445 3081; x_wconf 86' lang='lat' dir='ltr'>aiii</span> <span class='ocrx_word' id='word_1_221' title='bbox 474 3032 504 3082; x_wconf 89' lang='lat' dir='ltr'>in</span> <span class='ocrx_word' id='word_1_222' title='bbox 535 3033 594 3100; x_wconf 86' lang='lat' dir='ltr'>pari</span> <span class='ocrx_word' id='word_1_223' title='bbox 613 3031 721 3083; x_wconf 89' lang='lat' dir='ltr'>miseria</span> <span class='ocrx_word' id='word_1_224' title='bbox 740 3040 831 3096; x_wconf 88' lang='lat' dir='ltr'>erant,</span> <span class='ocrx_word' id='word_1_225' title='bbox 859 3039 1050 3084; x_wconf 83' lang='lat' dir='ltr'>converterunt</span> <span class='ocrx_word' id='word_1_226' title='bbox 1078 3049 1107 3084; x_wconf 87' lang='lat' dir='ltr'>se</span> <span class='ocrx_word' id='word_1_227' title='bbox 1136 3029 1171 3082; x_wconf 91' lang='lat' dir='ltr'>ad</span> <span class='ocrx_word' id='word_1_228' title='bbox 1195 3033 1301 3084; x_wconf 90' lang='lat' dir='ltr'>multus</span> <span class='ocrx_word' id='word_1_229' title='bbox 1323 3048 1364 3081; x_wconf 84' lang='lat' dir='ltr'>co·</span> 
     </span>
     <span class='ocr_line' id='line_1_27' title="bbox 275 3102 1363 3174; baseline -0.001 -22"><span class='ocrx_word' id='word_1_230' title='bbox 275 3119 342 3166; x_wconf 88' lang='lat' dir='ltr'>rum,</span> <span class='ocrx_word' id='word_1_231' title='bbox 361 3103 408 3172; x_wconf 89' lang='lat' dir='ltr'>qui</span> <span class='ocrx_word' id='word_1_232' title='bbox 422 3118 486 3172; x_wconf 87' lang='lat' dir='ltr'>prae</span> <span class='ocrx_word' id='word_1_233' title='bbox 507 3103 602 3153; x_wconf 83' lang='lat' dir='ltr'>ceteris</span> <span class='ocrx_word' id='word_1_234' title='bbox 614 3102 766 3172; x_wconf 89' lang='lat' dir='ltr'>pollebant,</span> <span class='ocrx_word' id='word_1_235' title='bbox 785 3103 962 3156; x_wconf 87' lang='lat' dir='ltr'>adorientem</span> <span class='ocrx_word' id='word_1_236' title='bbox 976 3119 1033 3154; x_wconf 90' lang='lat' dir='ltr'>non</span> <span class='ocrx_word' id='word_1_237' title='bbox 1050 3103 1148 3166; x_wconf 89' lang='lat' dir='ltr'>minus,</span> <span class='ocrx_word' id='word_1_238' title='bbox 1170 3119 1253 3174; x_wconf 89' lang='lat' dir='ltr'>quam</span> <span class='ocrx_word' id='word_1_239' title='bbox 1269 3103 1305 3155; x_wconf 91' lang='lat' dir='ltr'>ad</span> <span class='ocrx_word' id='word_1_240' title='bbox 1323 3121 1363 3154; x_wconf 90' lang='lat' dir='ltr'>oc-</span> 
     </span>
     <span class='ocr_line' id='line_1_28' title="bbox 274 3171 1366 3243; baseline -0.003 -18"><span class='ocrx_word' id='word_1_241' title='bbox 274 3171 418 3226; x_wconf 86' lang='lat' dir='ltr'>cidentem.</span> <span class='ocrx_word' id='word_1_242' title='bbox 462 3173 510 3231; x_wconf 86' lang='lat' dir='ltr'>alii</span> <span class='ocrx_word' id='word_1_243' title='bbox 537 3171 677 3225; x_wconf 87' lang='lat' dir='ltr'>Sultauem</span> <span class='ocrx_word' id='word_1_244' title='bbox 702 3173 827 3242; x_wconf 85' lang='lat' dir='ltr'>inprimis</span> <span class='ocrx_word' id='word_1_245' title='bbox 854 3173 1053 3238; x_wconf 80' lang='lat' dir='ltr'>sollicitarunt,</span> <span class='ocrx_word' id='word_1_246' title='bbox 1079 3174 1296 3243; x_wconf 78' lang='lat' dir='ltr'>praetendentes</span> <span class='ocrx_word' id='word_1_247' title='bbox 1314 3191 1366 3224; x_wconf 89' lang='lat' dir='ltr'>mo·</span> 
     </span>
     <span class='ocr_line' id='line_1_29' title="bbox 273 3242 1364 3315; baseline -0.005 -18"><span class='ocrx_word' id='word_1_248' title='bbox 273 3242 355 3297; x_wconf 87' lang='lat' dir='ltr'>vendi</span> <span class='ocrx_word' id='word_1_249' title='bbox 386 3242 496 3314; x_wconf 90' lang='lat' dir='ltr'>pudoris</span> <span class='ocrx_word' id='word_1_250' title='bbox 529 3260 609 3295; x_wconf 89' lang='lat' dir='ltr'>causa</span> <span class='ocrx_word' id='word_1_251' title='bbox 641 3253 755 3297; x_wconf 87' lang='lat' dir='ltr'>mortem</span> <span class='ocrx_word' id='word_1_252' title='bbox 792 3246 960 3296; x_wconf 86' lang='lat' dir='ltr'>immaturam</span> <span class='ocrx_word' id='word_1_253' title='bbox 987 3245 1159 3315; x_wconf 87' lang='lat' dir='ltr'>imperatoris</span> <span class='ocrx_word' id='word_1_254' title='bbox 1189 3246 1302 3308; x_wconf 75' lang='lat' dir='ltr'>silencii,</span> <span class='ocrx_word' id='word_1_255' title='bbox 1329 3243 1364 3294; x_wconf 85' lang='lat' dir='ltr'>eni</span> 
     </span>
     <span class='ocr_line' id='line_1_30' title="bbox 273 3315 1366 3386; baseline -0.003 -18"><span class='ocrx_word' id='word_1_256' title='bbox 273 3323 386 3386; x_wconf 85' lang='lat' dir='ltr'>propter</span> <span class='ocrx_word' id='word_1_257' title='bbox 402 3323 507 3385; x_wconf 87' lang='lat' dir='ltr'>patrem</span> <span class='ocrx_word' id='word_1_258' title='bbox 523 3315 677 3368; x_wconf 87' lang='lat' dir='ltr'>Mauuelem</span> <span class='ocrx_word' id='word_1_259' title='bbox 701 3315 782 3367; x_wconf 84' lang='lat' dir='ltr'>tidem</span> <span class='ocrx_word' id='word_1_260' title='bbox 813 3316 930 3368; x_wconf 88' lang='lat' dir='ltr'>debebat</span> <span class='ocrx_word' id='word_1_261' title='bbox 954 3332 1000 3368; x_wconf 80' lang='lat' dir='ltr'>res</span> <span class='ocrx_word' id='word_1_262' title='bbox 1019 3321 1216 3383; x_wconf 68' lang='lat' dir='ltr'>agarenorum</span> <span class='ocrx_word' id='word_1_263' title='bbox 1246 3317 1300 3367; x_wconf 83' lang='lat' dir='ltr'>alii</span> <span class='ocrx_word' id='word_1_264' title='bbox 1317 3321 1366 3368; x_wconf 82' lang='lat' dir='ltr'>An-</span> 
     </span>
     <span class='ocr_line' id='line_1_31' title="bbox 274 3387 1364 3458; baseline -0.006 -18"><span class='ocrx_word' id='word_1_265' title='bbox 274 3387 462 3440; x_wconf 84' lang='lat' dir='ltr'>tiochenoruns</span> <span class='ocrx_word' id='word_1_266' title='bbox 485 3387 637 3458; x_wconf 86' lang='lat' dir='ltr'>principem</span> <span class='ocrx_word' id='word_1_267' title='bbox 663 3395 720 3438; x_wconf 90' lang='lat' dir='ltr'>tum</span> <span class='ocrx_word' id='word_1_268' title='bbox 746 3387 853 3440; x_wconf 78' lang='lat' dir='ltr'>civilem</span> <span class='ocrx_word' id='word_1_269' title='bbox 875 3395 932 3440; x_wconf 89' lang='lat' dir='ltr'>tum</span> <span class='ocrx_word' id='word_1_270' title='bbox 953 3387 1177 3449; x_wconf 85' lang='lat' dir='ltr'>ecclesiasticum,</span> <span class='ocrx_word' id='word_1_271' title='bbox 1208 3387 1257 3438; x_wconf 88' lang='lat' dir='ltr'>alii</span> <span class='ocrx_word' id='word_1_272' title='bbox 1281 3402 1364 3438; x_wconf 85' lang='lat' dir='ltr'>rursus</span> 
     </span>
     <span class='ocr_line' id='line_1_32' title="bbox 276 3456 1365 3530; baseline -0.004 -20"><span class='ocrx_word' id='word_1_273' title='bbox 276 3473 337 3510; x_wconf 85' lang='lat' dir='ltr'>cum</span> <span class='ocrx_word' id='word_1_274' title='bbox 347 3496 356 3523; x_wconf 91' lang='lat'><em>,</em></span> <span class='ocrx_word' id='word_1_275' title='bbox 374 3459 422 3527; x_wconf 91' lang='lat' dir='ltr'>qui</span> <span class='ocrx_word' id='word_1_276' title='bbox 440 3457 637 3526; x_wconf 80' lang='lat' dir='ltr'>Hierosolymis</span> <span class='ocrx_word' id='word_1_277' title='bbox 658 3457 740 3510; x_wconf 90' lang='lat' dir='ltr'>modo</span> <span class='ocrx_word' id='word_1_278' title='bbox 767 3459 840 3527; x_wconf 76' lang='lat' dir='ltr'>regio</span> <span class='ocrx_word' id='word_1_279' title='bbox 861 3456 1010 3520; x_wconf 83' lang='lat' dir='ltr'>tutabatur,</span> <span class='ocrx_word' id='word_1_280' title='bbox 1029 3457 1105 3529; x_wconf 90' lang='lat' dir='ltr'>quod</span> <span class='ocrx_word' id='word_1_281' title='bbox 1124 3459 1165 3509; x_wconf 92' lang='lat' dir='ltr'>ius</span> <span class='ocrx_word' id='word_1_282' title='bbox 1184 3458 1287 3530; x_wconf 82' lang='lat' dir='ltr'>fasque</span> <span class='ocrx_word' id='word_1_283' title='bbox 1305 3466 1365 3512; x_wconf 82' lang='lat' dir='ltr'>erat.</span> 
     </span>
     <span class='ocr_line' id='line_1_33' title="bbox 275 3527 1366 3601; baseline -0.002 -21"><span class='ocrx_word' id='word_1_284' title='bbox 275 3528 416 3582; x_wconf 85' lang='lat' dir='ltr'>debebant</span> <span class='ocrx_word' id='word_1_285' title='bbox 434 3529 506 3580; x_wconf 86' lang='lat' dir='ltr'>enirn</span> <span class='ocrx_word' id='word_1_286' title='bbox 526 3528 555 3581; x_wconf 92' lang='lat' dir='ltr'>hi</span> <span class='ocrx_word' id='word_1_287' title='bbox 576 3547 687 3600; x_wconf 89' lang='lat' dir='ltr'>quoque</span> <span class='ocrx_word' id='word_1_288' title='bbox 708 3531 845 3601; x_wconf 86' lang='lat' dir='ltr'>principes</span> <span class='ocrx_word' id='word_1_289' title='bbox 863 3528 964 3582; x_wconf 88' lang='lat' dir='ltr'>bonam</span> <span class='ocrx_word' id='word_1_290' title='bbox 983 3527 1063 3580; x_wconf 85' lang='lat' dir='ltr'>fldem</span> <span class='ocrx_word' id='word_1_291' title='bbox 1082 3545 1218 3600; x_wconf 78' lang='lat' dir='ltr'>opemque</span> <span class='ocrx_word' id='word_1_292' title='bbox 1236 3530 1366 3600; x_wconf 80' lang='lat' dir='ltr'>postlla-</span> 
     </span>
     <span class='ocr_line' id='line_1_34' title="bbox 274 3599 1366 3670; baseline -0.004 -19"><span class='ocrx_word' id='word_1_293' title='bbox 274 3600 384 3651; x_wconf 88' lang='lat' dir='ltr'>nuelem</span> <span class='ocrx_word' id='word_1_294' title='bbox 403 3599 504 3652; x_wconf 83' lang='lat' dir='ltr'>afflicto</span> <span class='ocrx_word' id='word_1_295' title='bbox 523 3599 580 3652; x_wconf 87' lang='lat' dir='ltr'>lilio</span> <span class='ocrx_word' id='word_1_296' title='bbox 599 3601 657 3652; x_wconf 87' lang='lat' dir='ltr'>eius</span> <span class='ocrx_word' id='word_1_297' title='bbox 677 3601 783 3653; x_wconf 81' lang='lat' dir='ltr'>Alexio.</span> <span class='ocrx_word' id='word_1_298' title='bbox 805 3602 835 3654; x_wconf 92' lang='lat' dir='ltr'>in</span> <span class='ocrx_word' id='word_1_299' title='bbox 853 3601 946 3670; x_wconf 88' lang='lat' dir='ltr'>primis</span> <span class='ocrx_word' id='word_1_300' title='bbox 964 3607 1053 3652; x_wconf 85' lang='lat' dir='ltr'>antem</span> <span class='ocrx_word' id='word_1_301' title='bbox 1067 3601 1180 3669; x_wconf 78' lang='lat' dir='ltr'>impigre</span> <span class='ocrx_word' id='word_1_302' title='bbox 1198 3601 1305 3652; x_wconf 81' lang='lat' dir='ltr'>auxilia</span> <span class='ocrx_word' id='word_1_303' title='bbox 1323 3615 1366 3670; x_wconf 85' lang='lat' dir='ltr'>per</span> 
     </span>
    </p>
   </div>
   <div class='ocr_carea' id='block_1_5' title="bbox 177 3669 1366 3742">
    <p class='ocr_par' dir='ltr' id='par_1_6' title="bbox 177 3669 1366 3742">
     <span class='ocr_line' id='line_1_35' title="bbox 177 3669 1366 3742; baseline -0.003 -20"><span class='ocrx_word' id='word_1_304' title='bbox 177 3676 186 3703; x_wconf 58' lang='lat' dir='ltr'>i</span> <span class='ocrx_word' id='word_1_305' title='bbox 274 3669 443 3723; x_wconf 85' lang='lat' dir='ltr'>occidentem</span> <span class='ocrx_word' id='word_1_306' title='bbox 471 3671 642 3740; x_wconf 86' lang='lat' dir='ltr'>petebantur.</span> <span class='ocrx_word' id='word_1_307' title='bbox 695 3670 730 3722; x_wconf 88' lang='lat' dir='ltr'>ab</span> <span class='ocrx_word' id='word_1_308' title='bbox 756 3671 816 3724; x_wconf 88' lang='lat' dir='ltr'>aliis</span> <span class='ocrx_word' id='word_1_309' title='bbox 837 3672 963 3742; x_wconf 80' lang='lat' dir='ltr'>pontifex</span> <span class='ocrx_word' id='word_1_310' title='bbox 981 3675 1114 3724; x_wconf 82' lang='lat' dir='ltr'>Romanus</span> <span class='ocrx_word' id='word_1_311' title='bbox 1138 3672 1272 3724; x_wconf 85' lang='lat' dir='ltr'>maximus</span> <span class='ocrx_word' id='word_1_312' title='bbox 1303 3681 1330 3723; x_wconf 85' lang='lat' dir='ltr'>et</span> <span class='ocrx_word' id='word_1_313' title='bbox 1347 3672 1366 3719; x_wconf 85' lang='lat' dir='ltr'>si</span> 
     </span>
    </p>
   </div>
   <div class='ocr_carea' id='block_1_6' title="bbox 275 3741 1366 4293">
    <p class='ocr_par' dir='ltr' id='par_1_7' title="bbox 275 3741 1366 4220">
     <span class='ocr_line' id='line_1_36' title="bbox 275 3741 1365 3814; baseline -0.004 -20"><span class='ocrx_word' id='word_1_314' title='bbox 275 3743 333 3814; x_wconf 83' lang='lat' dir='ltr'>quis</span> <span class='ocrx_word' id='word_1_315' title='bbox 351 3748 411 3793; x_wconf 80' lang='lat' dir='ltr'>essm</span> <span class='ocrx_word' id='word_1_316' title='bbox 428 3742 477 3794; x_wconf 92' lang='lat' dir='ltr'>illo</span> <span class='ocrx_word' id='word_1_317' title='bbox 496 3743 541 3794; x_wconf 85' lang='lat' dir='ltr'>vsi</span> <span class='ocrx_word' id='word_1_318' title='bbox 565 3759 613 3812; x_wconf 89' lang='lat' dir='ltr'>per</span> <span class='ocrx_word' id='word_1_319' title='bbox 638 3741 716 3794; x_wconf 89' lang='lat' dir='ltr'>ilium</span> <span class='ocrx_word' id='word_1_320' title='bbox 739 3744 808 3805; x_wconf 66' lang='lat' dir='ltr'>alius</span> <span class='ocrx_word' id='word_1_321' title='bbox 829 3741 969 3813; x_wconf 85' lang='lat' dir='ltr'>pollebat,</span> <span class='ocrx_word' id='word_1_322' title='bbox 988 3742 1021 3794; x_wconf 87' lang='lat' dir='ltr'>ab</span> <span class='ocrx_word' id='word_1_323' title='bbox 1040 3743 1100 3796; x_wconf 82' lang='lat' dir='ltr'>aliis</span> <span class='ocrx_word' id='word_1_324' title='bbox 1119 3741 1174 3794; x_wconf 85' lang='lat' dir='ltr'>dus</span> <span class='ocrx_word' id='word_1_325' title='bbox 1198 3751 1227 3795; x_wconf 85' lang='lat' dir='ltr'>et</span> <span class='ocrx_word' id='word_1_326' title='bbox 1243 3745 1365 3814; x_wconf 89' lang='lat' dir='ltr'>princeps</span> 
     </span>
     <span class='ocr_line' id='line_1_37' title="bbox 275 3812 1366 3884; baseline -0.003 -19"><span class='ocrx_word' id='word_1_327' title='bbox 275 3815 471 3866; x_wconf 88' lang='lat' dir='ltr'>Germanorum</span> <span class='ocrx_word' id='word_1_328' title='bbox 489 3814 642 3882; x_wconf 74' lang='lat' dir='ltr'>rogabatur.</span> <span class='ocrx_word' id='word_1_329' title='bbox 662 3812 861 3866; x_wconf 72' lang='lat' dir='ltr'>sollicitabatur</span> <span class='ocrx_word' id='word_1_330' title='bbox 885 3815 967 3866; x_wconf 86' lang='lat' dir='ltr'>ctiam</span> <span class='ocrx_word' id='word_1_331' title='bbox 985 3814 1170 3884; x_wconf 69' lang='lat' dir='ltr'>legationibus</span> <span class='ocrx_word' id='word_1_332' title='bbox 1187 3829 1303 3882; x_wconf 79' lang='lat' dir='ltr'>magnae</span> <span class='ocrx_word' id='word_1_333' title='bbox 1320 3829 1366 3882; x_wconf 89' lang='lat' dir='ltr'>pu-</span> 
     </span>
     <span class='ocr_line' id='line_1_38' title="bbox 276 3884 1366 3960; baseline 0 -25"><span class='ocrx_word' id='word_1_334' title='bbox 276 3885 377 3937; x_wconf 88' lang='lat' dir='ltr'>tcutiae</span> <span class='ocrx_word' id='word_1_335' title='bbox 396 3885 522 3960; x_wconf 83' lang='lat' dir='ltr'>princeps</span> <span class='ocrx_word' id='word_1_336' title='bbox 538 3885 717 3951; x_wconf 78' lang='lat' dir='ltr'>Alemanuus3</span> <span class='ocrx_word' id='word_1_337' title='bbox 742 3902 793 3937; x_wconf 84' lang='lat' dir='ltr'>uec</span> <span class='ocrx_word' id='word_1_338' title='bbox 818 3902 882 3936; x_wconf 87' lang='lat' dir='ltr'>vero</span> <span class='ocrx_word' id='word_1_339' title='bbox 907 3884 1057 3937; x_wconf 89' lang='lat' dir='ltr'>marchioni</span> <span class='ocrx_word' id='word_1_340' title='bbox 1086 3885 1207 3954; x_wconf 84' lang='lat' dir='ltr'>quietem</span> <span class='ocrx_word' id='word_1_341' title='bbox 1239 3884 1366 3936; x_wconf 80' lang='lat' dir='ltr'>concede-</span> 
     </span>
     <span class='ocr_line' id='line_1_39' title="bbox 276 3953 1366 4027; baseline 0 -22"><span class='ocrx_word' id='word_1_342' title='bbox 276 3953 359 4018; x_wconf 88' lang='lat' dir='ltr'>bant,</span> <span class='ocrx_word' id='word_1_343' title='bbox 387 3964 434 4006; x_wconf 90' lang='lat' dir='ltr'>aut</span> <span class='ocrx_word' id='word_1_344' title='bbox 458 3957 524 4007; x_wconf 86' lang='lat' dir='ltr'>crali</span> <span class='ocrx_word' id='word_1_345' title='bbox 550 3956 736 4025; x_wconf 80' lang='lat' dir='ltr'>ilungarorum</span> <span class='ocrx_word' id='word_1_346' title='bbox 764 3965 792 4008; x_wconf 90' lang='lat' dir='ltr'>et</span> <span class='ocrx_word' id='word_1_347' title='bbox 822 3957 844 4007; x_wconf 91' lang='lat' dir='ltr'>si</span> <span class='ocrx_word' id='word_1_348' title='bbox 875 3957 936 4027; x_wconf 87' lang='lat' dir='ltr'>quis</span> <span class='ocrx_word' id='word_1_349' title='bbox 972 3956 1040 4008; x_wconf 87' lang='lat' dir='ltr'>alius</span> <span class='ocrx_word' id='word_1_350' title='bbox 1074 3957 1103 4007; x_wconf 87' lang='lat' dir='ltr'>iu</span> <span class='ocrx_word' id='word_1_351' title='bbox 1132 3957 1166 4007; x_wconf 91' lang='lat' dir='ltr'>iis</span> <span class='ocrx_word' id='word_1_352' title='bbox 1192 3955 1366 4026; x_wconf 70' lang='lat' dir='ltr'>finibusipo·</span> 
     </span>
     <span class='ocr_line' id='line_1_40' title="bbox 276 4025 1365 4100; baseline 0 -25"><span class='ocrx_word' id='word_1_353' title='bbox 276 4033 336 4076; x_wconf 87' lang='lat' dir='ltr'>tens</span> <span class='ocrx_word' id='word_1_354' title='bbox 361 4034 427 4078; x_wconf 84' lang='lat' dir='ltr'>erat.</span> <span class='ocrx_word' id='word_1_355' title='bbox 471 4027 580 4078; x_wconf 89' lang='lat' dir='ltr'>omnino</span> <span class='ocrx_word' id='word_1_356' title='bbox 608 4026 763 4096; x_wconf 88' lang='lat' dir='ltr'>ubicunque</span> <span class='ocrx_word' id='word_1_357' title='bbox 792 4028 902 4079; x_wconf 85' lang='lat' dir='ltr'>nomina</span> <span class='ocrx_word' id='word_1_358' title='bbox 929 4027 1091 4100; x_wconf 74' lang='lat' dir='ltr'>principalia</span> <span class='ocrx_word' id='word_1_359' title='bbox 1118 4025 1318 4090; x_wconf 84' lang='lat' dir='ltr'>audiebantur,</span> <span class='ocrx_word' id='word_1_360' title='bbox 1337 4043 1365 4076; x_wconf 87' lang='lat' dir='ltr'>eo</span> 
     </span>
     <span class='ocr_line' id='line_1_41' title="bbox 276 4093 1366 4218; baseline -0.002 -73"><span class='ocrx_word' id='word_1_361' title='bbox 276 4095 332 4150; x_wconf 90' lang='lat' dir='ltr'>illis</span> <span class='ocrx_word' id='word_1_362' title='bbox 350 4093 466 4218; x_wconf 66' lang='lat' dir='ltr'>supplcx&#39;</span> <span class='ocrx_word' id='word_1_363' title='bbox 482 4105 585 4151; x_wconf 83' lang='lat' dir='ltr'>vertere</span> <span class='ocrx_word' id='word_1_364' title='bbox 603 4099 725 4162; x_wconf 82' lang='lat' dir='ltr'>animus,</span> <span class='ocrx_word' id='word_1_365' title='bbox 749 4106 832 4168; x_wconf 82' lang='lat' dir='ltr'>atque</span> <span class='ocrx_word' id='word_1_366' title='bbox 852 4096 935 4168; x_wconf 84' lang='lat' dir='ltr'>pedes</span> <span class='ocrx_word' id='word_1_367' title='bbox 961 4113 1115 4169; x_wconf 83' lang='lat' dir='ltr'>properare,</span> <span class='ocrx_word' id='word_1_368' title='bbox 1135 4115 1166 4150; x_wconf 88' lang='lat' dir='ltr'>ac</span> <span class='ocrx_word' id='word_1_369' title='bbox 1182 4098 1274 4166; x_wconf 78' lang='lat' dir='ltr'>lingua</span> <span class='ocrx_word' id='word_1_370' title='bbox 1294 4095 1366 4166; x_wconf 88' lang='lat' dir='ltr'>loqui</span> 
     </span>
     <span class='ocr_line' id='line_1_42' title="bbox 276 4174 1094 4220; baseline 0 -2"><span class='ocrx_word' id='word_1_371' title='bbox 276 4174 304 4218; x_wconf 84' lang='lat' dir='ltr'>et</span> <span class='ocrx_word' id='word_1_372' title='bbox 323 4181 370 4220; x_wconf 86' lang='lat' dir='ltr'>sua</span> <span class='ocrx_word' id='word_1_373' title='bbox 392 4185 444 4218; x_wconf 88' lang='lat' dir='ltr'>ere.</span> <span class='ocrx_word' id='word_1_374' title='bbox 1086 4178 1094 4193; x_wconf 87' lang='grc'><strong>“</strong></span> 
     </span>
    </p>

    <p class='ocr_par' dir='ltr' id='par_1_8' title="bbox 345 4237 1364 4293">
     <span class='ocr_line' id='line_1_43' title="bbox 345 4237 1364 4293; baseline -0.007 -1"><span class='ocrx_word' id='word_1_375' title='bbox 345 4238 462 4292; x_wconf 79' lang='lat' dir='ltr'>Maxime</span> <span class='ocrx_word' id='word_1_376' title='bbox 484 4247 574 4293; x_wconf 83' lang='lat' dir='ltr'>auteur</span> <span class='ocrx_word' id='word_1_377' title='bbox 592 4238 626 4292; x_wconf 90' lang='lat' dir='ltr'>ab</span> <span class='ocrx_word' id='word_1_378' title='bbox 646 4238 697 4292; x_wconf 86' lang='lat' dir='ltr'>hac</span> <span class='ocrx_word' id='word_1_379' title='bbox 720 4238 799 4292; x_wconf 86' lang='lat' dir='ltr'>turba</span> <span class='ocrx_word' id='word_1_380' title='bbox 825 4237 983 4292; x_wconf 81' lang='lat' dir='ltr'>tentabatur</span> <span class='ocrx_word' id='word_1_381' title='bbox 1001 4239 1154 4292; x_wconf 85' lang='lat' dir='ltr'>Siculorum</span> <span class='ocrx_word' id='word_1_382' title='bbox 1174 4239 1364 4292; x_wconf 70' lang='grc' dir='ltr'><strong><em>εἰσεποιεῖτο</em></strong></span> 
     </span>
    </p>
   </div>
   <div class='ocr_carea' id='block_1_7' title="bbox 0 0 1434 4902">
    <p class='ocr_par' dir='ltr' id='par_1_9' title="bbox 0 0 1434 4902">
     <span class='ocr_line' id='line_1_44' title="bbox 0 0 1434 4902; baseline 0 0"><span class='ocrx_word' id='word_1_383' title='bbox 0 0 1434 4902; x_wconf 95' lang='lat' dir='ltr'> </span> 
     </span>
    </p>
   </div>
  </div>
 </body>
</html>
