2892 4904
553 349 703 455 sorau
1092 347 1164 416 τα

69 525 199 579 caveret
218 515 419 599 subditosque
448 539 465 576 a
487 517 626 588 violenta
652 519 683 578 in
707 517 884 600 principem
905 541 999 580 mauu
1013 507 1167 582 ¹deterre-

69 611 130 664 ret·
173 601 284 661 Leonis
305 601 498 682 grammatici
523 603 615 677 ratio,
645 610 681 662 ut
702 603 838 662 voluerit
861 600 967 663 ulcisci
987 603 1165 686 principem

68 684 291 748 iconoclastam
319 683 419 746 eidem
449 684 514 766 ipse
535 683 755 746 addictissimus
787 685 924 761 haeresi,
951 686 1164 762 ieiuniorem,

69 789 146 829 cum
167 788 223 830 nec
256 777 347 850 pater
379 767 457 828 illius
479 769 517 829 ab
547 790 582 830 ea
606 767 804 833 abhorreret.
858 771 968 830 summi
998 769 1166 854 Theophili

69 851 185 934 rigoris
210 849 279 912 iure
301 849 434 912 dicendo
451 851 589 934 exempla
613 851 704 914 affert
725 851 959 937 plurimumque
980 852 1087 915 laudat
1107 875 1164 916 au.

67 945 143 996 ctor
167 935 318 996 orationis
340 935 507 996 Dominica
531 936 589 1016 τῆς
606 925 826 1016 Ὀρθοδσξίας,
855 936 945 997 nobis
968 937 1052 997 edita
1072 939 1162 1004 Auct.

68 1029 149 1079 tom.
176 1017 216 1090 9;
239 1019 388 1100 equibus
409 1017 460 1078 hic
483 1019 585 1102 aliqua
606 1019 704 1080 refert
726 1021 790 1080 Lco
813 1027 844 1079 et
864 1019 997 1102 sugillat.

153 1131 200 1193 95,
232 1135 301 1209 μετ’
316 1127 423 1213 ὀλίγον
444 1133 479 1195 δὲ
501 1134 556 1196 κατ’
566 1131 651 1214 prin]
673 1134 768 1215 paulo
782 1134 859 1196 haec
873 1134 964 1198 letius
984 1139 1048 1198 Leo
1070 1119 1164 1220 quim

66 1216 274 1278 continuator
296 1229 350 1278 aut
366 1218 522 1280 Cedrenus
545 1220 598 1304 qui
619 1231 723 1280 tamen
745 1219 803 1278 alia
829 1215 947 1280 addunt
967 1221 1045 1281 scitu
1061 1221 1162 1303 digua.

154 1339 194 1402 96
238 1341 312 1403 illud
347 1335 426 1419 μετὰ
458 1339 684 1422 παρακλήσεως
715 1363 867 1424 exponam
891 1365 948 1426 ego
971 1345 1163 1422 obsecrando,

65 1425 156 1486 velut
176 1424 292 1488 scilicet
313 1447 372 1506 pro
395 1426 509 1487 iniuria
533 1426 723 1504 excusando,
746 1430 831 1487 cuius
853 1427 905 1488 ille
925 1429 1078 1490 memoria
1101 1450 1163 1489 uo-

63 1509 164 1570 luerit
184 1509 287 1572 sedem
310 1509 452 1590 recipere
469 1532 505 1571 ac
516 1510 710 1592 dignitatem,
731 1509 907 1592 Theophilo
922 1512 1047 1572 interim
1063 1516 1162 1576 maio-

65 1594 108 1654 ris
133 1592 278 1654 ecclesiae
300 1595 467 1654 oeconomi
488 1592 624 1656 officium
647 1594 848 1676 imponente;
872 1615 951 1678 quae
973 1594 1074 1658 officia
1096 1617 1161 1658 non

63 1676 198 1736 minoris
228 1684 319 1738 eraut
341 1678 467 1738 Graecis
499 1698 592 1760 quam
613 1674 731 1738 sum'ma
753 1680 816 1760 ipsa
837 1679 1009 1740 sacerdotia
1035 1701 1071 1740 ac
1092 1683 1161 1762 cpi-

62 1768 220 1842 scoputus,
244 1763 289 1820 uti
313 1760 378 1821 fere
400 1762 511 1835 uostris
542 1759 737 1822 cardinalitia
765 1763 896 1844 dignitas
920 1771 1014 1845 atque
1034 1785 1161 1845 purpu-

63 1865 112 1906 ra.
156 1843 332 1926 gloriantur
353 1844 436 1904 enim
460 1845 628 1905 etiamnum
657 1843 764 1907 clerici
784 1847 911 1908 maioris
936 1847 1083 1908 ecclesiae
1104 1869 1162 1908 ve-

62 1927 111 1988 lut
139 1939 171 1989 ct
189 1925 247 2008 ipsi
270 1927 308 1988 de
330 1927 428 1989 latere
449 1929 497 1989 sui
519 1928 680 2000 autistitis;
703 1950 796 2010 quem
819 1930 891 1990 ideo
912 1931 1057 2010 proxime
1080 1951 1161 1994 asse-

63 2011 146 2072 ctari
170 2008 312 2092 debeant,
335 2031 370 2072 ac
392 2012 637 2092 provincialibus
659 2013 729 2093 ipsis
753 2013 904 2095 episcopis
926 2014 1062 2094 praeire.

152 2124 191 2187 27
234 2120 269 2186 ro'
294 2120 466 2208 φυλοκτόν]
491 2138 535 2190 cst
556 2125 642 2209 quod
663 2127 821 2188 Cedrcnus
850 2124 993 2208 σταυρὸν
1013 2127 1159 2211 appellat.

62 2211 109 2272 sic
135 2209 199 2292 ipse
218 2210 255 2272 P.
281 2213 369 2272 Goar
390 2229 422 2292 p.
445 2211 609 2294 superiori,
634 2207 710 2281 δοὺς
725 2205 760 2269 τὸ
783 2206 865 2283 t'tmv
889 2209 1060 2291 φυλακτόν.
1081 2233 1160 2296 pro.

56 2295 136 2378 pria
155 2313 240 2355 cnrce
272 2295 397 2354 amuleti
423 2295 487 2357 loco
517 2318 534 2356 e
566 2294 642 2355 collo
667 2290 827 2378 μητίσατο(
840 2297 900 2378 ipsi
928 2295 1059 2356 tradita.-
1096 2317 1158 2356 nou

61 2379 106 2438 ita
128 2375 207 2438 bene
226 2376 295 2454 hic,
320 2377 437 2438 salumn
467 2379 655 2456 conductum,
684 2377 771 2460 quod
801 2400 869 2439 rem
899 2379 999 2439 minus
1019 2379 1160 2460 explicet.

61 2461 270 2522 continuator
286 2461 357 2524 Vnt.
378 2460 435 2523 scal
455 2456 621 2544 μάρτυρας
642 2461 703 2522 τοῖο
724 2459 897 2542 εἰρημένων
916 2459 997 2522 τότε
1018 2461 1073 2522 τοὺ
1095 2463 1160 2539 βα-

60 2546 179 2617 σιλέως
202 2539 366 2624 ἑγκόλπτον
388 2541 444 2605 καί
462 2543 498 2606 τὸ
519 2539 753 2624 χροσοβούλιον
777 2543 884 2605 ἐδίδου
905 2566 1027 2605 auream
1048 2546 1160 2605 bullam

58 2627 222 2704 contradit,
243 2649 296 2717 se'u
316 2627 444 2690 tabellas
466 2629 530 2690 cius
545 2629 644 2710 sigillo
668 2627 841 2708 obsignatas
862 2649 897 2689 ac
917 2649 1011 2688 manu
1026 2628 1160 2690 subscri.

60 2720 146 2794 ptus,
168 2711 278 2794 quibus
303 2733 360 2773 uec
381 2733 520 2794 expressa
543 2712 642 2792 figura
665 2711 766 2770 crucis
789 2710 906 2772 deerat.
950 2710 1157 2774 aliudtamen

59 2817 98 2856 ac
122 2795 308 2874 peculiarius
328 2791 361 2856 τὸ
385 2790 557 2877 φαλακτόν,
579 2788 752 2873 ἑγκόλτιισν,
767 2791 910 2872 σταορός,
931 2797 1023 2857 semel
1046 2807 1077 2858 et
1097 2797 1158 2857 ite.

60 2902 139 2940 rum
162 2878 201 2938 ad
230 2880 380 2940 maiorem
409 2878 594 2940 sacramenti
628 2877 806 2957 religionem
827 2879 1002 2958 Theophila
1024 2901 1158 2964 usurpa..

58 2975 141 3022 tum.
186 2961 210 3020 C
231 2963 323 3023 rorico
343 2964 376 3022 ἐν
395 2963 516 3038 μείζονι
538 2961 628 3043 τιμῇ,
652 2951 734 3038 ἢ·τό
755 2962 876 3040 πρῶτον
896 2959 1038 3023 natanto.
1081 2985 1157 3048 qrcae

57 3069 125 3122 res,
148 3046 245 3128 sicque
271 3059 364 3130 parta
385 3049 512 3106 vr'ctorr'a
530 3049 626 3123 secie,
649 3057 681 3102 ut
705 3045 737 3104 in
760 3047 870 3105 maiori
893 3067 982 3129 quam
997 3049 1083 3130 prtia
1103 3050 1160 3107 ho.

57 3149 138 3190 nore
157 3127 320 3190 baberetur.
378 3130 423 3213 cpi
450 3129 591 3210 προτέρῳ
623 3123 877 3206 πλεονεκτήματι.
920 3128 971 3188 hic
996 3129 1080 3190 deest
1099 3151 1159 3192 vox

59 3215 187 3294 aliqua3
218 3223 346 3294 putem,
374 3209 554 3282 πεαοιθώςε
582 3214 687 3293 priore
707 3213 832 3292 confisus
861 3213 1054 3295 compendio:
1078 3213 1159 3276 hene

58 3299 219 3357 animatus
243 3318 278 3356 ex
299 3295 456 3378 superiori
476 3296 607 3356 victoria
629 3295 777 3355 Manue'lis
801 3295 950 3376 auspicio.

152 3419 192 3482 98
242 3413 431 3500 Zolusrpor]
466 3419 668 3481 continuator
702 3442 737 3479 ac
767 3417 923 3479 Cedrenus
953 3415 1157 3500 Σωζόπετραν

58 3505 219 3579 scribunt,
246 3508 430 3566 amerumnis
458 3505 613 3585 patriam,
634 3503 721 3563 cuius
744 3503 854 3562 excidii
878 3504 1045 3564 ulciscendi
1068 3525 1157 3565 causa

60 3591 86 3652 is
111 3587 276 3650 Amoriurn
299 3588 499 3668 postmodum
521 3587 634 3648 excidit
658 3586 827 3668 Theophili
848 3587 991 3672 patri-am.

141 3703 188 3766 -29
232 3699 350 3765 διάτὸτ
365 3703 423 3769 τοῦ
442 3694 629 3784 α’μεροσμνῆ
648 3703 782 3777 ἐκεῖθεν]
802 3704 968 3766 obscurum
988 3703 1060 3765 hoc.
1083 3728 1157 3766 num

57 3785 118 3850 dui
140 3784 176 3849 τὸ
199 3783 253 3848 τὸν
276 3783 463 3868 ἆμεροαμνῆ
485 3787 625 3848 irrideus
649 3787 748 3848 urbem
769 3801 837 3848 tunc
855 3790 1026 3871 opulentam
1051 3811 1087 3848 ac
1097 3811 1157 3873 po-

56 3873 156 3934 tcnrr'a
180 3871 293 3933 claram
304 3919 313 3948 ‚
335 3893 371 3932 eo
402 3871 483 3956 quod
511 3871 580 3931 inde
601 3869 799 3931 Anterumnes
826 3873 976 3932 oriundus
997 3887 1089 3949 esset,·
1122 3884 1158 3934 ut

55 3954 278 4032 subaudiatur,
302 3964 358 4015 aut
382 3955 575 4018 desideretur
598 3975 656 4014 vox
679 3949 853 4034 ὁρμᾶσθαι,
877 3959 924 4015 vel
947 3951 1000 4014 ott
1023 3954 1079 4034 τὴν
1101 3957 1157 4016 τοῦ

57 4039 263 4118 Ἀμερουμοῆ
287 4034 407 4098 ἐκεῖθεν
429 4038 577 4116 πατρίδα.
614 4039 695 4122 quod
714 4052 786 4098 esset
804 4040 868 4098 illic
889 4040 1079 4100 Amerrmznis
1095 4061 1155 4122 pa-

56 4127 145 4197 triar
165 4145 203 4180 an
228 4123 323 4203 magis
340 4121 438 4182 hiatus
462 4121 523 4181 cst?
548 4124 669 4203 integre
687 4143 761 4182 vero
777 4122 916 4184 laudatus
938 4123 1155 4184 continuator:

55 4201 119 4286 τήν
149 4200 357 4287 Σιοζότιετραο
389 4200 634 4287 ἐκπολιορκήσας
672 4205 811 4286 πατρίδα
842 4199 1063 4286 τυγχάνουσαν
1097 4207 1157 4266 rori
