2814 4898
406 347 777 418 oeconomorum.
1052 343 1124 414 227

58 512 86 574 δὲ
103 505 279 591 ἔμπροσθεν
306 503 430 584 αέτοῖν,
458 504 514 566 κατ’
541 502 687 587 εἰσῆλθεν
714 501 812 584 μέχρι
831 503 994 583 Παραίον.
1035 501 1128 564 τοῦτο

57 607 156 690 astos
185 603 204 668 ri
224 599 374 688 βασιλεάς
396 603 430 666 ἐν
457 599 578 690 μεγάλη
598 601 723 689 α’θυμίηι
747 602 882 684 γέγονεν,
901 604 957 666 κατ’
976 597 1129 666 α’ποστέλ-

58 715 95 772 λιι
115 705 248 790 ’Ῑμέριον
270 705 531 786 πρυτασηκρῆτιν
557 699 699 786 κεφαλήν
728 701 785 766 sori
819 697 931 766 ordios
959 696 1040 764 κατά
1070 699 1130 763 τοῦ

61 805 251 886 Τριπολίτου,
280 798 325 886 μη
354 795 538 880 τολμώντων
565 798 640 882 μηδ’
670 793 750 872 ἅλιος
771 799 944 882 πλησιάσαι
964 802 1007 884 τῷ
1028 796 1129 882 στάλιρ

40 907 105 968 arm
131 902 320 985 Ἀγαρηνῶν.
373 907 438 974 τοῖς
469 900 505 964 δέ
534 898 591 964 τοῦ
610 902 691 962 θεοῦ
718 899 868 982 κρίμασιν
898 897 1086 984 ἀπεστράφη
1112 895 1129 960 ἐ

57 995 140 1076 αάτὸς
157 1004 256 1066 Λέισν
278 1003 488 1084 Τριπυλίτης,
519 997 575 1062 κατ’
601 999 743 1080 ἀπῆλθεν
773 999 808 1064 ἐν
832 995 1053 1084 Θεσσαλονίκη,
1077 998 1133 1058 καί

56 1097 159 1185 ταύτην
179 1095 401 1182 ἐπολιόρκησεν
423 1096 478 1164 κατ’
496 1099 674 1181 παρέλαβεν
694 1092 761 1178 ἅμα
781 1099 825 1184 τῷ
845 1097 1007 1186 στρατηγῷ
1028 1094 1131 1158 adseri

57 1203 161 1266 Λέοντι
182 1200 229 1286 τῷ
247 1199 463 1287 Χατζιλιτιίιρ,
483 1197 538 1262 κατ’
557 1197 691 1281 ποιήσας
712 1197 828 1281 πολλὴν
846 1192 974 1281 σφαγὴν
994 1197 1049 1259 κατ’
1074 1193 1164 1262 ,αι’-1)

55 1300 240 1379 χμαλοοσίειν.
265 1295 451 1383 Ῥοιλοφάλις
481 1298 517 1361 δέ
537 1319 585 1371 τις
612 1296 869 1379 κουβικουλάριος
888 1289 927 1378 ἦν
945 1291 1131 1368 άπυσταλεές

28 1397 83 1464 oo
99 1399 221 1485 Σικελίᾳ
255 1393 309 1461 διά
340 1397 452 1478 χρείαν
473 1394 554 1477 τινά,
588 1391 670 1478 ἐχουν
687 1399 763 1478 μεθ’
786 1390 902 1460 ἑαυτοῦ
920 1401 1056 1477 χρυσίου
1080 1390 1131 1457 λί-

56 1518 122 1576 τρας
142 1491 262 1562 ἑκατόν.
303 1493 437 1578 νοσήσας
457 1496 493 1562 δέ
508 1491 589 1560 κατά
611 1490 712 1578 τάχητ
733 1497 766 1558 ἐν
787 1496 828 1581 τῇ
850 1489 912 1580 ὁδῷ
930 1493 1077 1576 εἰσῆλθεν
1096 1495 1131 1556 ἐν

58 1593 257 1682 Θεσσαλονιλιη
287 1593 368 1678 πρός
401 1591 436 1658 τὸ
461 1590 639 1662 λούσασθαι
664 1593 719 1658 κατ’
747 1589 986 1676 άνακτησασθαι
1008 1587 1131 1672 ἐαυτάν,

56 1691 102 1758 ssi
121 1691 278 1779 ἐκρατήθη
308 1693 395 1780 παραὶ
417 1697 564 1769 Λέοντος.
614 1695 816 1776 διερχόμενος
837 1690 971 1774 Συμεών
1003 1711 1132 1776 πρωτα-

56 1797 197 1878 σηιιρῆτις,
218 1788 236 1856 ἐ
257 1787 339 1874 μετά
367 1793 467 1870 ταῦτα
484 1789 617 1876 γενονάς
646 1794 810 1878 πατρίκιος
830 1796 886 1858 καί
899 1793 1131 1878 πρωτασηιιρῆ-

29 1907 102 1973 ίατις,
122 1892 290 1974 α’νελάβετο
311 1893 345 1958 τό
368 1915 400 1957 τε
416 1895 551 1978 χρυσίον
572 1894 628 1957 κατ’
647 1892 687 1959 τά
711 1895 811 1978 ἐυῖρα,
835 1888 915 1977 άπερ
939 1891 1042 1958 εἴασεν
1058 1893 1131 1958 Ῥο-

56 1992 184 2076 ιλοφάλης
204 1993 239 2056 ἐν
258 1995 295 2078 τῇ
317 1989 383 2078 idai
405 1994 461 2056 κατ’
478 1990 576 2056 πολλά
595 1993 804 2076 βασανισθεὶς
826 1988 1031 2078 ἐτελεύτησεν.
1073 1994 1132 2058 τοῦ

58 2091 86 2154 ii
98 2092 279 2172 Τριπολίτου
299 2093 493 2173 βουλομένου
509 2091 565 2177 την
587 2089 678 2158 πόλιν
698 2097 916 2178 καταστρέψαι
936 2091 1052 2174 oeteis
1065 2096 1131 2162 Συ.

56 2186 129 2268 μεάν
149 2189 242 2274 δηλοῖ
262 2187 361 2254 ου’τόν
381 2195 491 2273 λαβεῖν
507 2193 642 2274 χρυσίον
661 2191 717 2258 καί
734 2187 852 2276 ταύτην
872 2193 979 2258 ἐάσαι.
1021 2188 1057 2256 ἐν
1076 2195 1133 2256 καί

57 2286 161 2374 πείσας,
183 2290 239 2354 κατ’
252 2284 358 2371 λαβάν
380 2285 472 2372 λόγον
485 2287 705 2376 σννεφάκηυεν
717 2291 827 2357 δοῦναι
844 2294 977 2374 χρυσίον
994 2295 1036 2378 τῷ
1053 2294 1129 2375 Τρι-
1226 2371 1230 2380 ,

26 2389 152 2475 λλαολίτη
171 2391 227 2454 τοῦ
249 2385 306 2471 τήν
325 2385 417 2454 πόλιν
438 2391 552 2454 ἐάσαι·
602 2387 622 2454 δ
642 2385 681 2473 δη
705 2387 760 2454 ιιαί
779 2393 910 2473 γέγονεν.

124 2489 277 2572 Σαμανᾷς
306 2487 341 2554 δέ
369 2489 646 2576 αροφασισάμενυς
673 2485 728 2554 ἐπί
754 2486 812 2573 την
844 2488 943 2572 μονήν
962 2487 1066 2554 αέτσῦ
1086 2485 1127 2552 τά
1137 2497 1227 2553 Ρ.483

117 2647 138 2698 1,
155 2645 279 2704 ὄπισθεν
294 2647 448 2715 Anonymus
474 2627 675 2703 cumCedreno
772 2649 813 2702 13.
831 2659 892 2722 post
911 2653 1034 2710 Λέοντος
1045 2651 1127 2704 Com·
1190 2681 1201 2708 τ

114 2715 222 2771 befisius
240 2719 289 2770 iila
307 2721 387 2788 ponit
402 2735 475 2790 qaae·
490 2721 578 2793 paulo
589 2721 659 2776 inira
676 2729 835 2792 sequuntur,
858 2723 906 2774 καιΙ
924 2713 1010 2776 πολλά
1022 2731 1026 2736 ’
1036 2727 1125 2792 βασα-
1195 2766 1206 2783 ,

115 2793 220 2852 acuitis
236 2789 409 2858 ἐτελεύτησεν

58 2938 86 2989 ad
103 2941 222 2994 Paraenm
249 2946 303 2996 iam
326 2951 521 3015 penetraverat.
572 2964 627 3018 qno
647 2947 756 3014 cognito
774 2949 918 3016 imperator
937 2963 1033 3015 magno
1051 2963 1128 2998 mae-

59 3025 107 3060 rore
123 3015 230 3066 affectus
251 3015 397 3070 Himerium
416 3033 432 3068 a
449 3017 558 3069 secretis
586 3019 759 3087 praecipuum
778 3018 870 3070 classis
888 3018 982 3070 ducem
1001 3017 1126 3070 adversas

58 3079 203 3149 Tripolitana
222 3085 345 3154 delegat:
363 3085 411 3140 sed
427 3104 517 3156 neque
537 3087 594 3156 ipse
621 3087 656 3139 ad
675 3090 854 3157 Agerenorum
869 3089 980 3140 classem
998 3088 1124 3141 accedere

59 3167 127 3204 ansus
144 3163 190 3208 est
237 3165 339 3209 secreto
361 3175 424 3210 vero
449 3157 493 3210 dei
518 3158 619 3210 iudicio
643 3161 699 3212 Leo
719 3159 853 3228 Tripolita
878 3160 973 3210 faciem
989 3161 1078 3223 vertit,
1097 3168 1125 3212 et

57 3219 259 3278 Thessalonicam
271 3243 362 3280 versus
379 3227 457 3293 abiit,
476 3229 665 3298 obsessamque
683 3247 737 3282 una
751 3247 810 3281 cum
823 3229 938 3282 civitatis
955 3228 1022 3282 duce
1034 3230 1125 3282 Leone

58 3290 215 3360 Chatziiicio‚
234 3297 349 3367 plurima
370 3307 458 3366 strage
477 3299 550 3352 edita
575 3301 739 3369 captivisque
761 3299 894 3361 abductis,
914 3301 943 3350 in
964 3307 1125 3368 potestatem

59 3367 156 3432 accepit
173 3367 345 3439 Rodophyles
364 3379 451 3421 nartem
465 3371 573 3439 quidam
586 3371 763 3431 cubicularius
778 3370 812 3422 ob
823 3371 1011 3422 necessitatem
1031 3385 1126 3440 quarn-

58 3433 120 3499 piam
138 3435 234 3490 delatis
252 3457 340 3491 secum
362 3441 418 3490 nuri
437 3439 512 3508 libris
533 3451 639 3492 centurn
659 3443 687 3492 in
702 3442 822 3494 Siciliam
840 3443 934 3502 missus
955 3443 1056 3492 suerat:
1078 3457 1126 3508 per

58 3504 117 3554 viam
132 3525 192 3560 vero
209 3509 321 3561 fortuita
340 3511 511 3578 aegritudine
528 3521 666 3582 correptus
685 3513 840 3564 balnearum
859 3511 1049 3564 commoditate
1062 3529 1125 3562 usu-

59 3589 95 3623 rus
112 3584 136 3627 et
152 3579 220 3633 vires
242 3589 396 3650 recepturus
415 3582 632 3634 Thessalonicam
659 3583 815 3648 diverterem
835 3583 882 3652 qui
901 3584 981 3634 etiam
998 3599 1014 3632 a
1035 3583 1125 3634 Leone

59 3653 139 3726 captus
159 3656 206 3702 est.
244 3669 323 3722 porro
342 3653 451 3704 Simeon
480 3655 681 3705 secretariorum
706 3655 838 3722 princeps,
855 3653 903 3722 qui
924 3651 1022 3704 deinde
1040 3653 1125 3720 patri-

59 3729 106 3766 cius
126 3727 150 3770 et
166 3737 218 3772 una
242 3739 257 3772 a
278 3725 388 3774 secretis
414 3725 515 3792 primus
535 3725 645 3788 extitit,
665 3725 717 3776 iter
745 3741 825 3791 agens
844 3723 1010 3794 praedictum
1030 3740 1125 3774 aarum
1150 3754 1159 3772 .

59 3793 83 3834 et
99 3802 202 3840 munera
230 3809 279 3862 per
303 3795 373 3844 viam
400 3811 416 3844 a
441 3794 599 3863 Rodophyie
626 3795 718 3847 relicta
741 3811 825 3863 penes
848 3811 877 3845 se
897 3803 1048 3864 receperat:
1079 3793 1126 3845 liic

58 3859 215 3922 postmodum
240 3864 332 3915 multis
363 3865 503 3916 tormentis
531 3865 697 3917 examinatus
725 3867 809 3916 vitam
829 3864 924 3916 finivit.
970 3865 1124 3933 Tripolitne

60 3939 115 3976 vero
135 3929 396 3986 Thessalonicensem
414 3933 506 3986 urbem
525 3944 644 3989 evertere
662 3936 793 4003 cogitanti
817 3936 949 4002 significat
966 3937 1075 3987 Simeon
1093 3943 1125 3988 ut

60 4009 143 4050 aarum
160 4004 272 4073 accipiat
289 4013 317 4057 et
335 4005 427 4056 urbem
446 4003 554 4059 liberet.
592 4023 623 4058 eo
643 4023 778 4073 persuaso,
797 4014 824 4058 et
843 4006 895 4057 iide
917 4007 989 4069 data,
1007 4006 1040 4058 de
1058 4022 1125 4058 auro

61 4063 196 4192 moraeisittae
220 4073 309 4128 dando
336 4073 425 4146 deque
450 4076 516 4128 urhe
543 4078 671 4132 servanda
695 4078 838 4143 convenit;
864 4075 937 4148 qnod
954 4078 1125 4178 ita'praesti-

121 4210 239 4269 Senonas
255 4223 354 4286 antean
365 4217 539 4282 monasterii,
557 4217 599 4270 cui
619 4233 718 4270 nomen
735 4218 826 4288 Spica,
852 4216 886 4270 ad
904 4217 1056 4286 Damatrym
1076 4233 1125 4269 ετ-
