2834 4898
391 301 764 370 cnaoaocltlrffll.
1041 299 1114 368 207

46 455 75 540 λη
93 455 177 520 τοιῖιο
199 452 335 537 Μιχαὴλ
355 452 504 534 ἀκούσας,
526 455 580 518 καί
597 451 634 518 τά
656 455 830 536 μοναδικύν
851 457 960 540 σχῆμα
981 454 1041 522 οὖν
1062 481 1120 541 ya-

45 558 115 618 soret
131 549 185 616 καί
210 557 329 628 τέκνοις
358 549 613 637 α’μφιεσάμενος,
646 554 697 628 εἷς
713 550 747 616 τὸ
769 555 901 636 πλησίον
924 557 981 637 τῆς
1001 553 1122 634 πόλεως

47 659 133 736 νησιόν
149 651 206 736 τήν
229 650 362 738 Πλάτην
384 653 618 733 περιοριζεται·
670 653 706 715 ἐν
728 640 755 740 ᾧ
778 650 834 715 κατ’
854 653 1042 737 ἐτελεύτησε.
1064 652 1121 719 τάν

46 758 73 819 tl
92 756 142 836 τῆς
171 741 412 838 άρχιερασάνης
433 751 547 836 θρόνον
578 759 720 834 κατεῖχεν
749 747 797 816 ἔτι
826 749 1037 834 ὀάγιιάτατος
1060 757 1121 822 Νι.

29 851 176 940 λνηφάρος.

279 1013 363 1068 Λέων
388 1007 405 1066 ὅ
424 1008 572 1084 Ἀρμένιος
599 1009 681 1064 ὁκαὶ
698 1009 870 1082 παραβάτης.

112 1131 206 1194 Λέων
227 1125 244 1191 ὅ
264 1124 429 1209 Ἀρμένιος
457 1126 475 1190 ὁ
506 1124 692 1212 παραβάτης
726 1128 930 1209 ἐβασίλευσεν
958 1125 1014 1212 ἔτη
1038 1123 1118 1194 ἑπτά
1129 1133 1216 1186 Ρ.4λῐι

44 1233 129 1314 μῆνας
150 1226 185 1310 τ’,
216 1225 367 1313 στεφθείς
398 1223 461 1290 ὑπὸ
483 1225 671 1313 Νικηφόρον
701 1227 920 1312 πατριάρχου,
939 1225 1121 1309 βεβαιώσας

45 1329 125 1394 ον’τόν
143 1325 310 1414 ἐγγράφως
332 1326 478 1412 περὶτῆς
496 1323 612 1392 ἑαυτοῦ
633 1326 830 1411 ὀρθοδοξιλες.
869 1326 892 1390 o‘
907 1329 942 1393 ot
963 1330 1120 1403 νέοςΣενι
1192 1348 1197 1354 ·

18 1431 181 1510 ιονοχερείμ
211 1431 367 1512 Κροῦμος
394 1425 546 1509 ἐπαρθεὶς
575 1428 614 1514 τῇ
643 1425 734 1514 νίκη,
764 1427 943 1492 καταλιπών
961 1430 1015 1492 τὸν
1034 1425 1118 1492 ἴδιον

45 1525 168 1614 π’δελφὸν
187 1533 365 1610 πολιορκεῖν
393 1524 453 1609 την
472 1523 747 1610 Ἀδριανοάπολιν,
767 1522 846 1606 μετά
866 1528 899 1602 ἓξ
920 1525 1042 1609 ἡμέρας
1062 1533 1118 1611 τῆς·

46 1623 291 1710 ονίοκρατορείας
311 1627 451 1701 Λέοντος
471 1627 654 1690 ἐπανελθών
674 1627 714 1712 τῇ
726 1623 817 1689 πόλιν
831 1623 956 1714 περιῄει
970 1625 1031 1712 πρὸ
1055 1630 1119 1691 τοῖν

45 1729 144 1808 τειχοῖν
163 1723 227 1790 άπὸ
250 1727 445 1809 Βλαχερνοῖν
465 1727 526 1798 ἓως
545 1725 599 1807 τῆς
622 1727 755 1808 Χρνσῆς
774 1727 969 1809 καλουμένης
990 1723 1119 1811 πόρπης,

46 1823 281 1908 ἐπιδεικνύμενος
310 1823 366 1907 την
393 1819 511 1889 ἑαυτοῦ
538 1824 694 1908 δύναμιν,
718 1827 899 1900 ἐπιτελέσας
919 1823 1039 1910 μιαράς
1059 1831 1120 1891 θν-

18 1925 104 2002 itariae
135 1927 168 1990 ἒν
194 1926 240 2012 τῷ
269 1919 401 2012 λιβαάιλρ
429 1927 483 2007 τῆς
507 1927 640 2008 Χροσῆς
669 1924 797 2011 πόρπης.
846 1922 987 2013 ᾐτήσατο
1010 1927 1121 1994 νειὸν

45 2028 159 2104 βασιλέα
179 2031 309 2090 σπεῖσαι
330 2021 457 2108 εἰρήνην
477 2017 498 2107 ἢ
517 2023 552 2089 τά
579 2025 658 2106 δόρυ
680 2028 780 2090 αιλτοῦ
800 2029 895 2109 πῆξαι
917 2027 950 2090 ἐν
970 2028 1007 2114 τῇ
1027 2031 1119 2112 Χρνὸ

45 2125 74 2207 οη
92 2125 199 2212 πόρπη.
240 2128 298 2190 τοῦ
326 2127 361 2190 δὲ
391 2126 547 2205 βασιλέως
567 2125 611 2208 μη
640 2127 893 2206 καταδεξσμὲνον
913 2129 1017 2212 τοῦτο,
1039 2127 1118 2192 νπὲ-

45 2242 164 2308 οτρεψεν
183 2227 230 2301 εἰς
251 2222 309 2310 την
330 2223 416 2291 ἰδίαν
436 2221 550 2308 σκηνὴν
565 2221 738 2306 θαυμάσας
756 2223 795 2289 τά
816 2226 870 2310 τῆς
890 2227 1009 2302 πόλεως
1029 2227 1118 2312 τείχη

6 2323 7 2330 ’
46 2325 87 2387 καὶ
102 2323 156 2409 τήν
188 2317 340 2390 εὔτακτον
369 2325 426 2390 τοῦ
456 2328 614 2406 βασιλέως
641 2321 831 2407 παράταξιν.
882 2323 937 2390 ἔπε’
959 2322 1119 2409 σύμβασιν

17 2419 149 2508 λῡεῖρὴνης
178 2429 327 2507 τρέπεται
349 2421 569 2506 πειροστικούς
598 2420 707 2506 λόγους
727 2423 920 2505 ποιούμενος.
963 2423 981 2490 ὅ
1004 2427 1040 2492 δὲ
1058 2431 1117 2510 βο·
1125 2440 1153 2492 Ρ.
1165 2435 1217 2492 446

45 2522 134 2600 eclesie
152 2524 303 2611 η’φορμῆς
322 2519 516 2606 δραξάμενος
528 2522 681 2607 ἐπειράθη
699 2523 796 2588 τιν’τάν
813 2527 958 2613 λοχῆσαη,
980 2523 1051 2590 ἀλλ’
1071 2529 1118 2603 εἰς

99 2696 122 2750 6.
140 2673 219 2769 Quae
237 2704 387 2766 sequnntur
399 2705 505 2751 exstant
523 2695 595 2766 apud
609 2697 725 2750 Leonem
743 2701 953 2767 grammaticum,
970 2702 1117 2759 continua.

102 2775 183 2822 torem
204 2767 392 2838 Theophanir.
482 2767 523 2820 19.
543 2772 687 2842 σύμβασιν
705 2763 757 2826 οὖν
774 2771 832 2842 erlo·
852 2769 946 2822 Comb.

48 2914 180 2974 gnavietns
214 2919 408 2974 reverteretur,
434 2911 488 2964 Leo
516 2913 643 2984 patricius
664 2921 692 2966 et
713 2911 768 2965 dux
789 2912 910 2969 Orientis
934 2931 1004 2986 apo
1025 2915 1071 2968 ulo
1090 2925 1119 2970 et

47 2983 227 3048 magistratibus
247 2984 276 3036 in
293 2983 436 3037 tribunalis
455 3001 549 3054 campo
568 3002 612 3036 rex
631 2991 672 3037 est
692 2993 805 3037 creatus.
842 2985 892 3038 hac
905 3002 933 3037 re
951 2985 1045 3039 audita
1063 2989 1118 3038 Mt.

48 3050 115 3116 chael,
132 3055 230 3108 induto
250 3055 303 3106 sibi
318 3063 346 3107 et
363 3056 440 3107 uxori
456 3064 484 3106 et
503 3055 593 3107 liberis
612 3055 805 3106 monachorum
822 3058 993 3120 vestimento,
1012 3057 1042 3110 in
1055 3057 1118 3109 Pla.

47 3127 88 3173 tam
102 3127 214 3178 insulam
232 3125 293 3176 urbi
312 3126 427 3178 vicinam
447 3123 589 3186 concessit,
608 3127 636 3176 in
657 3143 711 3194 qua
730 3127 811 3178 etiam
830 3135 949 3180 mortuus
970 3135 1020 3183 eet.
1056 3129 1117 3200 epi-

46 3205 163 3264 scopatum
181 3197 271 3252 tenuit
292 3197 373 3250 etiam
393 3198 575 3250 sanctissimus
594 3195 771 3268 Nicephorus.

322 3333 376 3388 Lao
389 3333 537 3400 Amaras,
555 3347 602 3396 oar
620 3334 652 3388 τε
669 3331 818 3388 Αεοετιεπ.

101 3460 150 3514 Leo
168 3463 309 3516 Armenius
328 3464 466 3534 religionis
484 3471 669 3531 transgressor,
688 3481 773 3516 annos
791 3472 893 3534 septem
911 3475 1015 3516 menses
1032 3465 1116 3536 quin,

47 3541 96 3593 que,
118 3549 132 3583 a
158 3533 314 3604 Nicephoro
334 3533 501 3605 patriarcha,
528 3551 609 3604 quem
634 3535 669 3586 ‹le
695 3535 759 3587 fidei
784 3551 848 3586 auae
878 3535 1031 3588 sinceritate
1051 3532 1116 3586 dato

48 3601 126 3668 scripto
143 3604 245 3657 lecerat
261 3605 421 3671 certiorem,
448 3613 592 3657 coronatus
614 3606 764 3675 imperavit.
800 3621 886 3657 novus
905 3613 993 3657 autem
1013 3605 1117 3658 Senna-

46 3667 127 3723 chrrtm
143 3674 266 3738 Cramer,
283 3677 402 3730 victoriis
423 3677 519 3738 elatus,
538 3677 648 3746 proprio
670 3677 752 3728 fratre
770 3675 975 3745 adrianopolim
994 3674 1117 3728 obsidio·

46 3755 72 3788 ae
88 3742 178 3796 bellica
206 3754 323 3800 vexante
347 3748 533 3814 relicto‚post
558 3745 616 3798 dies
635 3763 680 3797 sex
701 3747 809 3816 imperii
836 3763 852 3797 ιι
870 3747 961 3799 Leone
978 3755 1116 3816 assumpto

47 3808 72 3858 at
87 3815 169 3868 arbem
187 3817 302 3880 rediens,
322 3835 337 3869 a
355 3817 508 3870 Blachernls
527 3817 562 3868 ad
580 3825 685 3884 portam
703 3816 822 3886 Chrysen
843 3816 942 3869 dictam
961 3825 1037 3870 extre
1054 3835 1116 3869 nau·

46 3895 80 3930 ms
98 3894 253 3954 potestatem
274 3897 413 3942 ostentant
441 3887 687 3951 circumvolitabat,
725 3897 754 3941 et
782 3887 900 3940 nefanda
926 3887 1057 3940 sacrificia
1081 3887 1117 3942 ad

46 3948 140 4018 Chryses
157 3967 252 4028 portae
271 3967 348 4030 prata
363 3959 520 4029 peragebat.
560 3975 622 4010 mox
642 3976 735 4028 pacem
756 3959 881 4029 componi
900 3957 934 4010 ab
954 3959 1117 4028 imperatore

46 4027 214 4090 expositoriae
232 4029 270 4082 ad
289 4031 410 4098 Chrysen
428 4037 533 4100 portam
545 4028 649 4082 hastam
667 4030 758 4098 figere.
794 4029 957 4099 imperatore
975 4038 1116 4098 renuente,

46 4092 207 4150 urbismuros
235 4101 264 4152 in
290 4102 455 4170 imperatorii
473 4101 605 4152 exercitos
631 4099 754 4152 ordinem
777 4101 899 4162 miratus,
914 4101 948 4154 la
967 4103 1115 4155 tentorium

46 4175 157 4229 regressus
175 4169 302 4244 adpetis
324 4171 508 4226 conditionem
531 4170 620 4226 verbis
638 4171 783 4226 fallacibus
803 4169 934 4226 deflectit.
970 4172 1115 4242 imperator
